@ARTICLE{aaronsonBipolarII,
  AUTHOR = {Aaronson, Scott T. and van der Vaart, Andrew and Miller, Tammy and LaPratt, Jeffrey and Swartz, Kimberly and Shoultz, Audrey and Lauterbach, Margo and Sackeim, Harold A. and Suppes, Trisha},
  DATE = {2024},
  DOI = {10.1001/jamapsychiatry.2023.4685},
  ISSN = {2168-622x},
  JOURNALTITLE = {JAMA Psychiatry},
  NUMBER = {6},
  PAGES = {555--562},
  TITLE = {Single-Dose Synthetic Psilocybin With Psychotherapy for Treatment-Resistant Bipolar Type {II} Major Depressive Episodes: A Nonrandomized Open-Label Trial},
  VOLUME = {81},
}

@ARTICLE{aboujaoude2020coachingVSTherapy,
  AUTHOR = {Aboujaoude, Elias},
  PUBLISHER = {SAGE Publications Sage CA: Los Angeles, CA},
  DATE = {2020},
  DOI = {10.1177/1745691620904962},
  JOURNALTITLE = {Perspectives on Psychological Science},
  NUMBER = {4},
  PAGES = {973--977},
  TITLE = {Where life coaching ends and therapy begins: Toward a less confusing treatment landscape},
  VOLUME = {15},
}

@ARTICLE{adayMethodologicalRigor,
  AUTHOR = {Aday, Jacob S and Heifets, Boris D and Pratscher, Steven D and Bradley, Ellen and Rosen, Raymond and Woolley, Joshua D},
  PUBLISHER = {Springer},
  DATE = {2022},
  DOI = {10.1007/s00213-022-06123-7},
  JOURNALTITLE = {Psychopharmacology},
  NUMBER = {6},
  PAGES = {1989--2010},
  TITLE = {Great Expectations: recommendations for improving the methodological rigor of psychedelic clinical trials},
  VOLUME = {239},
}

@ARTICLE{aguirre1999alpha,
  AUTHOR = {Aguirre, Norberto and Barrionuevo, Meritxell and Ramírez, María J and Del Río, Joaquín and Lasheras, Berta},
  PUBLISHER = {Lww},
  DATE = {1999},
  DOI = {10.1097/00001756-199911260-00039},
  JOURNALTITLE = {Neuroreport},
  NUMBER = {17},
  PAGES = {3675--3680},
  TITLE = {$\alpha$-Lipoic acid prevents 3,4-methylenedioxy-methamphetamine ({MDMA})-induced neurotoxicity},
  VOLUME = {10},
}

@UNPUBLISHED{aizenbud2025neuralmechanismspredictiveprocessing,
  AUTHOR = {Aizenbud, Ido and Audette, Nicholas and Auksztulewicz, Ryszard and Basiński, Krzysztof and Bastos, André M. and Berry, Michael and Canales-Johnson, Andres and Choi, Hannah and Clopath, Claudia and Cohen, Uri and Costa, Rui Ponte and Filippo, Roberto De and Doronin, Roman and Errington, Steven P. and Gavornik, Jeffrey P. and Gillon, Colleen J. and Granier, Arno and Hamm, Jordan P. and Hertäg, Loreen and Kennedy, Henry and Kumar, Sandeep and Ladd, Alexander and Ladret, Hugo and Lecoq, Jérôme A. and Maier, Alexander and McCarthy, Patrick and Mei, Jie and Mejias, Jorge and Mikulasch, Fabian and Mudrik, Noga and Najafi, Farzaneh and Nejad, Kevin and Nejat, Hamed and Oweiss, Karim and Petrovici, Mihai A. and Priesemann, Viola and Rudelt, Lucas and Ruediger, Sarah and Russo, Simone and Salatiello, Alessandro and Senn, Walter and Sennesh, Eli and Sima, Sepehr and Uran, Cem and Vasilevskaya, Anna and Vezoli, Julien and Vinck, Martin and Westerberg, Jacob A. and Wilmes, Katharina and Xiong, Yihan Sophy},
  DATE = {2025},
  DOI = {10.48550/arXiv.2504.09614},
  TITLE = {Neural mechanisms of predictive processing: a collaborative community experiment through the OpenScope program},
}

@ARTICLE{alaviBehavioralAddiction,
  AUTHOR = {Alavi, Seyyed Salman and Ferdosi, Masoud and Jannatifard, Fereshte and Eslami, Mehdi and Alaghemandan, Hamed and Setare, Mehrdad},
  PUBLISHER = {Wolters Kluwer--Medknow Publications},
  URL = {https://www.ncbi.nlm.nih.gov/pmc/articles/PMC3354400/pdf/IJPVM-3-290.pdf},
  DATE = {2012},
  JOURNALTITLE = {International journal of preventive medicine},
  NUMBER = {4},
  PAGES = {290},
  TITLE = {Behavioral addiction versus substance addiction: Correspondence of psychiatric and psychological views},
  VERBA = {ncbi.nlm.nih.gov/pmc/articles/PMC3354400/pdf/IJPVM-3-290.pdf},
  VOLUME = {3},
}

@BOOK{alexanderNewJimCrow,
  AUTHOR = {Alexander, Michelle},
  PUBLISHER = {The New Press},
  URL = {https://thenewpress.com/books/new-jim-crow},
  DATE = {2022},
  TITLE = {The New Jim Crow: Mass Incarceration in the Age of Colorblindness},
  VERBA = {thenewpress.com/books/new-jim-crow},
}

@MISC{alexanderSurfing,
  AUTHOR = {Alexander, Scott},
  URL = {https://slatestarcodex.com/2017/09/05/book-review-surfing-uncertainty},
  DATE = {2017},
  TITLE = {Book Review: Surfing Uncertainty},
  VERBA = {slatestarcodex.com/2017/09/05/book-review-surfing-uncertainty},
}

@MISC{alexanderInpatient,
  AUTHOR = {Alexander, Scott},
  URL = {https://slatestarcodex.com/2018/03/22/navigating-and-or-avoiding-the-inpatient-mental-health-system/},
  DATE = {2018},
  TITLE = {NAVIGATING AND/OR AVOIDING THE INPATIENT MENTAL HEALTH SYSTEM},
  VERBA = {slatestarcodex.com/2018/03/22/navigating-and-or-avoiding-the-inpatient-mental-health-system/},
}

@MISC{alexanderHPPD,
  AUTHOR = {Alexander, Scott},
  URL = {https://slatestarcodex.com/2019/09/11/lots-of-people-going-around-with-mild-hallucinations-all-the-time},
  DATE = {2019},
  TITLE = {Lots of people going around with mild hallucinations all the time},
  VERBA = {slatestarcodex.com/2019/09/11/lots-of-people-going-around-with-mild-hallucinations-all-the-time},
}

@MISC{alexanderPrecision,
  AUTHOR = {Alexander, Scott},
  URL = {https://www.astralcodexten.com/p/the-precision-of-sensory-evidence},
  DATE = {2021},
  TITLE = {The Precision Of Sensory Evidence},
  VERBA = {astralcodexten.com/p/the-precision-of-sensory-evidence},
}

@MISC{alexanderTrapped,
  AUTHOR = {Alexander, Scott},
  URL = {https://www.astralcodexten.com/p/trapped-priors-as-a-basic-problem},
  DATE = {2021},
  TITLE = {Trapped Priors As A Basic Problem Of Rationality},
  VERBA = {astralcodexten.com/p/trapped-priors-as-a-basic-problem},
}

@MISC{alexianerClinic,
  AUTHOR = {{Alexianer St. Hedwig Hospital}},
  URL = {https://www.alexianer-berlin-hedwigkliniken.de/st-hedwig-krankenhaus/leistungen/ambulante-behandlung/ambulanz-psychedelische-substanzen},
  DATE = {2024},
  TITLE = {Integrating Difficult Experiences},
  VERBA = {alexianer-berlin-hedwigkliniken.de/st-hedwig-krankenhaus/leistungen/ambulante-behandlung/ambulanz-psychedelische-substanzen},
}

@UNPUBLISHED{alikoEntireBrain,
  AUTHOR = {Aliko, Sarah and Wang, Bangjie and Small, Steven L and Skipper, Jeremy I},
  PUBLISHER = {Cold Spring Harbor Laboratory},
  DATE = {2023},
  DOI = {10.1101/2023.09.01.555886},
  JOURNALTITLE = {bioRxiv},
  TITLE = {The entire brain, more or less, is at work: 'Language regions' are artefacts of averaging},
}

@ARTICLE{alves2009acetyl,
  AUTHOR = {Alves, E and Binienda, Z and Carvalho, F and Alves, CJ and Fernandes, E and de Lourdes Bastos, M and Tavares, MA and Summavielle, T},
  PUBLISHER = {Elsevier},
  DATE = {2009},
  DOI = {10.1016/j.neuroscience.2008.10.041},
  JOURNALTITLE = {Neuroscience},
  NUMBER = {2},
  PAGES = {514--523},
  TITLE = {Acetyl-{L}-carnitine provides effective in vivo neuroprotection over 3,4-methylenedioximethamphetamine-induced mitochondrial neurotoxicity in the adolescent rat brain},
  VOLUME = {158},
}

@MISC{aasectTouch,
  AUTHOR = {{American Association of Sex Educators, Counselors, and Therapists}},
  URL = {https://www.aasect.org/position-touch-and-aasect-certified-professional},
  DATE = {2014},
  TITLE = {Position on Touch and the {AASECT} Certified Professional},
  VERBA = {aasect.org/position-touch-and-aasect-certified-professional},
}

@MISC{aciste,
  AUTHOR = {{American Center for the Integration of Spiritually Transformative Experiences}},
  URL = {https://aciste.org},
  DATE = {2025},
  TITLE = {American Center for the Integration of Spiritually Transformative Experiences},
  VERBA = {aciste.org},
}

@ARTICLE{andradeHalf,
  AUTHOR = {Andrade, Chittaranjan},
  PUBLISHER = {Physicians Postgraduate Press, Inc.},
  DATE = {2022},
  DOI = {10.4088/JCP.22f14584},
  JOURNALTITLE = {The Journal of Clinical Psychiatry},
  NUMBER = {4},
  PAGES = {41940},
  TITLE = {The practical importance of half-life in psychopharmacology},
  VOLUME = {83},
}

@MISC{newYorkAnimal,
  AUTHOR = {Andrews, K. and Birch, J. and Sebo, J. and Sims, T.},
  URL = {nydeclaration.com},
  DATE = {2024},
  TITLE = {Background to the {New York} Declaration on Animal Consciousness},
  VERBA = {nydeclaration.com},
}

@UNPUBLISHED{argyri2025practitioner,
  AUTHOR = {Argyri, Eirini K and Krecké, Joy and Robinson, Oliver C and Evans, Jules and Skragge, Michael and Morgan, Celia JA},
  DATE = {2025},
  DOI = {10.21203/rs.3.rs-6303856},
  TITLE = {Practitioner perspectives on extended difficulties and optimal support strategies following psychedelic experiences: A qualitative analysis},
}

@ARTICLE{arnovitzSchizophrenia,
  AUTHOR = {Arnovitz, Mitchell D. and Spitzberg, Andrew J. and Davani, Ashkhan J. and Vadhan, Nehal P. and Holland, Julie and Kane, John M. and Michaels, Timothy I.},
  DATE = {2022},
  DOI = {10.3390/jcm11123255},
  ISSN = {2077-0383},
  JOURNALTITLE = {Journal of Clinical Medicine},
  NUMBER = {12},
  PAGES = {3255},
  TITLE = {{MDMA} for the Treatment of Negative Symptoms in Schizophrenia},
  VOLUME = {11},
}

@MISC{doneglobal1,
  AUTHOR = {Arshad, Minnah},
  URL = {https://www.usatoday.com/story/news/nation/2024/06/13/telehealth-execs-arrested-100-million-fraud-adhd/74091441007},
  DATE = {2024},
  TITLE = {Struggling telehealth company exploited Adderall sales for profit, prosecutors say},
  VERBA = {usatoday.com/story/news/nation/2024/06/13/telehealth-execs-arrested-100-million-fraud-adhd/74091441007},
}

@MISC{askellSelfServing,
  AUTHOR = {Askell, Amanda},
  URL = {https://www.askell.blog/self-serving-utilitarian-arguments},
  DATE = {2021},
  TITLE = {Self-Serving utilitarian arguments},
  VERBA = {askell.blog/self-serving-utilitarian-arguments},
}

@BOOK{apaDSM,
  AUTHOR = {Association, American Psychiatric},
  DATE = {2013},
  TITLE = {The Diagnostic and Statistical Manual of Mental Disorders, Fifth Edition},
}

@ARTICLE{atilaHyponatremia,
  AUTHOR = {Atila, Cihan and Straumann, Isabelle and Vizeli, Patrick and Beck, Julia and Monnerat, Sophie and Holze, Friederike and Liechti, Matthias E. and Christ-Crain, Mirjam},
  DATE = {2024},
  DOI = {10.1001/jamanetworkopen.2024.45278},
  JOURNALTITLE = {JAMA Network Open},
  NUMBER = {11},
  PAGES = {e2445278--e2445278},
  TITLE = {Oxytocin and the Role of Fluid Restriction in {MDMA}-Induced Hyponatremia: A Secondary Analysis of 4 Randomized Clinical Trials},
  VOLUME = {7},
}

@MISC{thoughtTerminating,
  AUTHOR = {{Australian Psychological Society}},
  URL = {https://psychology.org.au/about-us/news-and-media/aps-in-the-media/2024/explaining-thought-terminating-cliches-and-why-we},
  DATE = {2024},
  TITLE = {Explaining thought-terminating cliches and why we should be wary of them},
  VERBA = {psychology.org.au/about-us/news-and-media/aps-in-the-media/2024/explaining-thought-terminating-cliches-and-why-we},
}

@ARTICLE{baggottWater,
  AUTHOR = {Baggott, Matthew J. and Garrison, Kathleen J. and Coyle, Jeremy R. and Galloway, Gantt P. and Barnes, Allan J. and Huestis, Marilyn A. and Mendelson, John E.},
  DATE = {2016},
  DOI = {10.1155/2016/2175896},
  JOURNALTITLE = {Advances in Pharmacological and Pharmaceutical Sciences},
  NUMBER = {1},
  PAGES = {2175896},
  TITLE = {MDMA Impairs Response to Water Intake in Healthy Volunteers},
  VOLUME = {2016},
}

@MISC{barnardCommunities,
  AUTHOR = {{Barnard Center for Research on Women}},
  URL = {https://bcrw.barnard.edu/building-accountable-communities},
  DATE = {2020},
  TITLE = {Building Accountable Communities},
  VERBA = {bcrw.barnard.edu/building-accountable-communities},
}

@ARTICLE{barsky2023licensing,
  AUTHOR = {Barsky, Allan Edward and Spadola, Christine Elizabeth},
  PUBLISHER = {Oxford University Press},
  DATE = {2023},
  DOI = {10.1093/swr/svad002},
  JOURNALTITLE = {Social Work Research},
  NUMBER = {2},
  PAGES = {135--148},
  TITLE = {Licensing Investigations: Suggestions from Social Workers Who Received Sanctions},
  VOLUME = {47},
}

@MISC{betterhelp1,
  AUTHOR = {Bartov, Shira Li},
  URL = {https://www.newsweek.com/betterhelp-patients-tell-sketchy-therapists-1762849},
  DATE = {2023},
  TITLE = {{BetterHelp} Patients Furious at 'Sketchy' Therapists},
  VERBA = {newsweek.com/betterhelp-patients-tell-sketchy-therapists-1762849},
}

@ARTICLE{bathje2022Integration,
  AUTHOR = {Bathje, Geoff J and Majeski, Eric and Kudowor, Mesphina},
  PUBLISHER = {Frontiers Media SA},
  DATE = {2022},
  DOI = {10.3389/fpsyg.2022.824077},
  JOURNALTITLE = {Frontiers in Psychology},
  TITLE = {Psychedelic integration: An analysis of the concept and its practice},
  VOLUME = {13},
}

@ARTICLE{bediMDMALowDose,
  AUTHOR = {Bedi, Gillinder and Hyman, David and {de Wit}, Harriet},
  URL = {https://www.ncbi.nlm.nih.gov/pmc/articles/PMC2997873/pdf/nihms229652.pdf},
  DATE = {2010},
  DOI = {10.1016/j.biopsych.2010.08.003},
  ISSN = {0006-3223},
  JOURNALTITLE = {Biological Psychiatry},
  NUMBER = {12},
  PAGES = {1134--1140},
  TITLE = {Is Ecstasy an 'Empathogen'? Effects of 3,4-Methylenedioxymethamphetamine on Prosocial Feelings and Identification of Emotional States in Others},
  VERBA = {ncbi.nlm.nih.gov/pmc/articles/PMC2997873/pdf/nihms229652.pdf},
  VOLUME = {68},
}

@ARTICLE{berro2018acute,
  AUTHOR = {Berro, Laís F and Shields, Hannah and Odabas-Geldiay, Melis and Rothbaum, Barbara O and Andersen, Monica L and Howell, Leonard L},
  PUBLISHER = {American Psychological Association},
  DATE = {2018},
  DOI = {10.1037/pha0000196},
  JOURNALTITLE = {Experimental and clinical psychopharmacology},
  NUMBER = {4},
  PAGES = {410},
  TITLE = {Acute effects of 3,4-methylenedioxymethamphetamine ({MDMA}) and {R} (-) {MDMA} on actigraphy-based daytime activity and sleep parameters in rhesus monkeys},
  VOLUME = {26},
}

@MISC{betterhelp2,
  AUTHOR = {{Better Business Bureau}},
  URL = {https://www.bbb.org/us/ca/mountain-view/profile/psychologist-referral-service/betterhelp-1216-262454/complaints},
  DATE = {2024},
  TITLE = {Complaints for {BetterHelp}},
  VERBA = {bbb.org/us/ca/mountain-view/profile/psychologist-referral-service/betterhelp-1216-262454/complaints},
}

@MISC{talkspace1,
  AUTHOR = {{Better Business Bureau}},
  URL = {https://www.bbb.org/us/ny/new-york/profile/mental-health-services/talkspace-0121-149740/customer-reviews},
  DATE = {2024},
  TITLE = {Customer Reviews for {Talkspace}},
  VERBA = {bbb.org/us/ny/new-york/profile/mental-health-services/talkspace-0121-149740/customer-reviews},
}

@ARTICLE{biaggio1998obstacles,
  AUTHOR = {Biaggio, Maryka and Duffy, Rosemary and Staffelbach, Darlene F},
  PUBLISHER = {Elsevier},
  DATE = {1998},
  DOI = {10.1016/S0272-7358(97)00109-8},
  JOURNALTITLE = {Clinical psychology review},
  NUMBER = {3},
  PAGES = {273--285},
  TITLE = {Obstacles to addressing professional misconduct},
  VOLUME = {18},
}

@ARTICLE{bonanno2008loss,
  AUTHOR = {Bonanno, George A},
  PUBLISHER = {Educational Publishing Foundation},
  DATE = {2008},
  DOI = {10.1037/1942-9681.S.1.101},
  JOURNALTITLE = {Psychological Trauma: Theory, Research, Practice, and Policy},
  TITLE = {Loss, trauma, and human resilience: have we underestimated the human capacity to thrive after extremely aversive events?},
}

@ARTICLE{bonannoRelilienceParadox,
  AUTHOR = {Bonanno, George A.},
  PUBLISHER = {Taylor \& Francis},
  DATE = {2021},
  DOI = {10.1080/20008198.2021.1942642},
  JOURNALTITLE = {European Journal of Psychotraumatology},
  NUMBER = {1},
  PAGES = {1942642},
  TITLE = {The resilience paradox},
  VOLUME = {12},
}

@MISC{rain,
  AUTHOR = {Brach, Tara},
  URL = {https://www.mindful.org/tara-brach-rain-mindfulness-practice},
  DATE = {2023},
  TITLE = {Feeling Overwhelmed? Try the {RAIN} Meditation},
  VERBA = {mindful.org/tara-brach-rain-mindfulness-practice},
}

@MISC{habitMapping,
  AUTHOR = {Brewer, Jud},
  URL = {https://drjud.com/wp-content/uploads/2021/03/Unwinding-Anxiety-Habit-Mapper-from-DrJud-1-1.pdf},
  DATE = {2024},
  TITLE = {The Habit Mapper},
  VERBA = {drjud.com/wp-content/uploads/2021/03/Unwinding-Anxiety-Habit-Mapper-from-DrJud-1-1.pdf},
}

@MISC{evidenceBasedPolicy,
  AUTHOR = {Briggs, Ryan},
  URL = {https://asteriskmag.com/issues/10/can-we-trust-social-science-yet},
  DATE = {2025},
  TITLE = {Can We Trust Social Science Yet?},
  VERBA = {asteriskmag.com/issues/10/can-we-trust-social-science-yet},
}

@ARTICLE{brigman1999teaching,
  AUTHOR = {Brigman, Greg and Lane, David and Switzer, Deborah and Lane, Donna and Lawrence, Robert},
  PUBLISHER = {Taylor \& Francis},
  DATE = {1999},
  DOI = {10.1080/00220679909597615},
  JOURNALTITLE = {The Journal of Educational Research},
  NUMBER = {6},
  PAGES = {323--329},
  TITLE = {Teaching children school success skills},
  VOLUME = {92},
}

@MISC{cheetahSigns,
  AUTHOR = {Britton, Willoughby},
  URL = {https://www.cheetahhouse.org/hyperarousal-and-dissociation},
  DATE = {2018},
  TITLE = {Dissociation and Hyperarousal},
  VERBA = {cheetahhouse.org/hyperarousal-and-dissociation},
}

@BOOK{brownThought,
  AUTHOR = {Brown, Brené},
  PUBLISHER = {Avery},
  URL = {https://www.penguinrandomhouse.com/books/298649/i-thought-it-was-just-me-but-it-isnt-by-brene-brown},
  DATE = {2007},
  TITLE = {I thought it was just me (but it isn't): Telling the truth about perfectionism, inadequacy, and power},
  VERBA = {penguinrandomhouse.com/books/298649/i-thought-it-was-just-me-but-it-isnt-by-brene-brown},
}

@BOOK{brownDaring,
  AUTHOR = {Brown, Brené},
  PUBLISHER = {Penguin},
  URL = {https://brenebrown.com/book/daring-greatly},
  DATE = {2015},
  TITLE = {Daring greatly: How the courage to be vulnerable transforms the way we live, love, parent, and lead},
  VERBA = {brenebrown.com/book/daring-greatly},
}

@BOOK{brownAttachmentDisturbances,
  AUTHOR = {Brown, Daniel P and Elliott, David S},
  PUBLISHER = {WW Norton \& Co},
  URL = {https://wwnorton.com/books/9780393711523},
  DATE = {2016},
  TITLE = {Attachment disturbances in adults: Treatment for comprehensive repair},
  VERBA = {wwnorton.com/books/9780393711523},
}

@BOOK{brown2020ethical,
  AUTHOR = {Brown, Jessica},
  PUBLISHER = {California Institute of Integral Studies},
  URL = {https://www.proquest.com/openview/41850e2eaafd34438f15b2e35acb79ba},
  DATE = {2020},
  TITLE = {Ethical transgressions and boundary violations in ayahuasca healing contexts: A mixed methods study},
  VERBA = {proquest.com/openview/41850e2eaafd34438f15b2e35acb79ba},
}

@ARTICLE{bruntLinking,
  AUTHOR = {Brunt, Tibor M and Koeter, Maarten W and Niesink, Raymond JM and van den Brink, Wim},
  PUBLISHER = {Springer},
  DATE = {2012},
  DOI = {10.1007/s00213-011-2529-4},
  JOURNALTITLE = {Psychopharmacology},
  PAGES = {751--762},
  TITLE = {Linking the pharmacological content of ecstasy tablets to the subjective experiences of drug users},
  VOLUME = {220},
}

@MISC{maladaptiveSchemaScale,
  AUTHOR = {Buchanan, B. and Bartholomew, E. and Smyth, C. and Hegarty, D.},
  URL = {https://novopsych.com.au/assessments/formulation/maladaptive-schema-scale-mss},
  DATE = {2024},
  DOI = {10.17605/OSF.IO/C3UPR},
  TITLE = {A comprehensive questionnaire for schemas related to psychopathology: The Maladaptive Schema Scale - Version 1.4 {(MSSv1.4)}},
  VERBA = {novopsych.com.au/assessments/formulation/maladaptive-schema-scale-mss},
}

@BOOK{burbea2014seeing,
  AUTHOR = {Burbea, Rob},
  PUBLISHER = {Hermes Amāra Publications},
  URL = {https://hermesamara.org/seeing-that-frees},
  DATE = {2014},
  TITLE = {Seeing that frees: meditations on emptiness and dependent arising},
  VERBA = {hermesamara.org/seeing-that-frees},
}

@INBOOK{calder2025traumatic,
  AUTHOR = {Calder, Abigail E. and Diehl, Vincent J. and Hasler, Gregor},
  PUBLISHER = {Springer Berlin Heidelberg},
  CHAPTER = {Traumatic Psychedelic Experiences},
  DATE = {2025},
  DOI = {10.1007/7854_2025_579},
  TITLE = {Current Topics in Behavioral Neurosciences},
}

@ARTICLE{calder2023towards,
  AUTHOR = {Calder, Abigail E and Hasler, Gregor},
  PUBLISHER = {Springer International Publishing Cham},
  DATE = {2023},
  DOI = {10.1038/s41386-022-01389-z},
  JOURNALTITLE = {Neuropsychopharmacology},
  NUMBER = {1},
  PAGES = {104--112},
  TITLE = {Towards an understanding of psychedelic-induced neuroplasticity},
  VOLUME = {48},
}

@ARTICLE{carhart2019rebus,
  AUTHOR = {Carhart-Harris, Robin L and Friston, Karl J},
  PUBLISHER = {Aspet},
  DATE = {2019},
  DOI = {10.1124/pr.118.017160},
  JOURNALTITLE = {Pharmacological reviews},
  NUMBER = {3},
  PAGES = {316--344},
  TITLE = {{REBUS} and the anarchic brain: toward a unified model of the brain action of psychedelics},
  VOLUME = {71},
}

@ARTICLE{mdmaNeuroimaging,
  AUTHOR = {Carhart-Harris, Robin L. and Murphy, Kevin and Leech, Robert and Erritzoe, David and Wall, Matthew B. and Ferguson, Bart and Williams, Luke T.J. and Roseman, Leor and Brugger, Stefan and {De Meer}, Ineke and Tanner, Mark and Tyacke, Robin and Wolff, Kim and Sethi, Ajun and Bloomfield, Michael A.P. and Williams, Tim M. and Bolstridge, Mark and Stewart, Lorna and Morgan, Celia and Newbould, Rexford D. and Feilding, Amanda and Curran, H. Val and Nutt, David J.},
  DATE = {2015},
  DOI = {10.1016/j.biopsych.2013.12.015},
  JOURNALTITLE = {Biological Psychiatry},
  NUMBER = {8},
  PAGES = {554--562},
  TITLE = {The Effects of Acutely Administered 3,4-Methylenedioxymethamphetamine on Spontaneous Brain Function in Healthy Volunteers Measured with Arterial Spin Labeling and Blood Oxygen Level–Dependent Resting State Functional Connectivity},
  VOLUME = {78},
}

@ARTICLE{carhart2010user,
  AUTHOR = {Carhart-Harris, Robin L and Nutt, David J},
  PUBLISHER = {Taylor \& Francis},
  DATE = {2010},
  DOI = {10.3109/14659890903271624},
  JOURNALTITLE = {Journal of Substance Use},
  NUMBER = {4},
  PAGES = {283--300},
  TITLE = {User perceptions of the benefits and harms of hallucinogenic drug use: A web-based questionnaire study},
  VOLUME = {15},
}

@MISC{carr2015end,
  AUTHOR = {Carr, Rey},
  URL = {https://www.linkedin.com/pulse/end-coaching-we-knew-rey-carr},
  DATE = {2011},
  TITLE = {The end of coaching as we knew it},
  VERBA = {linkedin.com/pulse/end-coaching-we-knew-rey-carr},
}

@ARTICLE{cashwell2007Bypass,
  AUTHOR = {Cashwell, Craig S and Bentley, Paige B and Yarborough, J Preston},
  PUBLISHER = {Wiley Online Library},
  DATE = {2007},
  DOI = {10.1002/j.2161-007X.2007.tb00071.x},
  JOURNALTITLE = {Counseling and Values},
  NUMBER = {2},
  PAGES = {139--148},
  TITLE = {The only way out is through: The peril of spiritual bypass},
  VOLUME = {51},
}

@MISC{sexViolations,
  AUTHOR = {Celenza, Andrea},
  URL = {https://www.andreacelenza.com/sexual-boundary-violations},
  DATE = {2024},
  TITLE = {Sexual Boundary Violations},
  VERBA = {andreacelenza.com/sexual-boundary-violations},
}

@MISC{cheetahHouse,
  AUTHOR = {{Cheetah House}},
  URL = {https://www.cheetahhouse.org},
  DATE = {2024},
  TITLE = {Resources and Support for Adverse Meditative Experiences},
  VERBA = {cheetahhouse.org},
}

@BOOK{clark2015surfing,
  AUTHOR = {Clark, Andy},
  PUBLISHER = {Oxford University Press},
  URL = {https://academic.oup.com/book/7843},
  DATE = {2015},
  TITLE = {Surfing uncertainty: Prediction, action, and the embodied mind},
  VERBA = {academic.oup.com/book/7843},
}

@BOOK{clark2024experience,
  AUTHOR = {Clark, Andy},
  PUBLISHER = {Random House},
  DATE = {2024},
  TITLE = {The experience machine: How our minds predict and shape reality},
}

@ARTICLE{Clark_Watson_Friston_2018,
  AUTHOR = {Clark, James E and Watson, Stuart and Friston, Karl J},
  DATE = {2018},
  DOI = {10.1017/S0033291718000430},
  JOURNALTITLE = {Psychological Medicine},
  NUMBER = {14},
  PAGES = {2277--2284},
  TITLE = {What is mood? A computational perspective},
  VOLUME = {48},
}

@ARTICLE{clauwaertStability,
  AUTHOR = {Clauwaert, Karine M and {Van Bocxlaer}, Jan F and {De Leenheer}, André P},
  DATE = {2001},
  DOI = {10.1016/S0379-0738(01)00562-X},
  ISSUE = {1},
  JOURNALTITLE = {Forensic Science International},
  PAGES = {36--42},
  TITLE = {Stability study of the designer drugs '{MDA}, {MDMA} and {MDEA}' in water, serum, whole blood, and urine under various storage temperatures},
  VOLUME = {124},
}

@MISC{cleanAir,
  AUTHOR = {{Clean Air Kits}},
  URL = {https://www.cleanairkits.com/pages/mission},
  DATE = {2025},
  TITLE = {Taking Charge of Air Quality},
  VERBA = {cleanairkits.com/pages/mission},
}

@ARTICLE{cohen2023need,
  AUTHOR = {Cohen, Bruce M and Öngür, Dost},
  PUBLISHER = {Nature Publishing Group UK London},
  DATE = {2023},
  DOI = {10.1038/s41380-023-01967-7},
  JOURNALTITLE = {Molecular Psychiatry},
  NUMBER = {5},
  PAGES = {1836--1838},
  TITLE = {The need for evidence-based updating of {ICD} and {DSM} models of psychotic and mood disorders},
  VOLUME = {28},
}

@ARTICLE{cohen2017relationship,
  AUTHOR = {Cohen, Rachel and Newton-John, Toby and Slater, Amy},
  PUBLISHER = {Elsevier},
  DATE = {2017},
  DOI = {10.1016/j.bodyim.2017.10.002},
  JOURNALTITLE = {Body image},
  PAGES = {183--187},
  TITLE = {The relationship between {Facebook} and {Instagram} appearance-focused activities and body image concerns in young women},
  VOLUME = {23},
}

@MISC{coherenceDirectory,
  AUTHOR = {{Coherence Psychology Institute}},
  URL = {https://coherencetherapy.org/prac/directory-terms.php},
  DATE = {2024},
  TITLE = {{Coherence Psychology Institute} Referral Directory},
  VERBA = {coherencetherapy.org/prac/directory-terms.php},
}

@ARTICLE{colbertEvenings,
  AUTHOR = {Colbert, Robert and Hughes, Shannon},
  PUBLISHER = {Springer},
  DATE = {2023},
  DOI = {10.1007/s11013-021-09764-z},
  JOURNALTITLE = {Culture, Medicine, and Psychiatry},
  NUMBER = {1},
  PAGES = {252--270},
  TITLE = {Evenings with Molly: Adult Couples' Use of {MDMA} for Relationship Enhancement},
  VOLUME = {47},
}

@ARTICLE{colcott2024side,
  AUTHOR = {Colcott, Julia and Guerin, Alexandre A and Carter, Olivia and Meikle, Sally and Bedi, Gillinder},
  PUBLISHER = {Springer},
  DATE = {2024},
  DOI = {10.1038/s41386-024-01865-8},
  JOURNALTITLE = {Neuropsychopharmacology},
  PAGES = {1208--1226},
  TITLE = {Side-effects of {MDMA}-assisted Psychotherapy: A Systematic Review and Meta-analysis},
  VOLUME = {49},
}

@ARTICLE{cooke2001refining,
  AUTHOR = {Cooke, David J and Michie, Christine},
  PUBLISHER = {American Psychological Association},
  DATE = {2001},
  DOI = {10.1037/1040-3590.13.2.171},
  JOURNALTITLE = {Psychological assessment},
  NUMBER = {2},
  PAGES = {171},
  TITLE = {Refining the construct of psychopathy: towards a hierarchical model},
  VOLUME = {13},
}

@MISC{danceSafeTestingKit,
  AUTHOR = {DanceSafe},
  URL = {https://dancesafe.org/product/mdma-testing-kit},
  DATE = {2023},
  TITLE = {{MDMA} Testing Kit},
  VERBA = {dancesafe.org/product/mdma-testing-kit},
}

@MISC{reagentInstructions,
  AUTHOR = {{DanceSafe}},
  URL = {https://dancesafe.org/testing-kit-instructions},
  DATE = {2025},
  TITLE = {Reagent Drug Checking Instructions},
  VERBA = {dancesafe.org/testing-kit-instructions},
}

@ARTICLE{davidsonEisner,
  AUTHOR = {Davidson, Tal and Plesa, Patric},
  DATE = {2025},
  DOI = {10.1002/jhbs.70027},
  JOURNALTITLE = {Journal of the History of the Behavioral Sciences},
  NUMBER = {3},
  PAGES = {e70027},
  TITLE = {Break on Through: Betty Eisner's Problematic Use of Psychedelics, Groups, and Control for Integrative Experiences},
  VOLUME = {61},
}

@ARTICLE{torrePharmacology,
  AUTHOR = {De la Torre, R and Farre, M and Roset, PN and López, C Hernández and Mas, M and Ortuno, J and Menoyo, E and Pizarro, N and Segura, J and Cami, J},
  PUBLISHER = {Wiley Online Library},
  URL = {https://www.jcami.eu/documents/Pharmacology%20of%20MDMA%20in%20Humans.%20Ann%20New%20York%20Acad%20Sci.pdf},
  DATE = {2000},
  DOI = {10.1111/j.1749-6632.2000.tb05199.x},
  JOURNALTITLE = {Annals of the New York Academy of Sciences},
  NUMBER = {1},
  PAGES = {225--237},
  TITLE = {Pharmacology of {MDMA} in humans},
  VERBA = {jcami.eu/documents/Pharmacology%20of%20MDMA%20in%20Humans.%20Ann%20New%20York%20Acad%20Sci.pdf},
  VOLUME = {914},
}

@ARTICLE{de2000nonlinear,
  AUTHOR = {De La Torre, Rafael and Farre, M and Ortuno, J and Mas, M and Brenneisen, R and Roset, PN and Segura, J and Cami, J},
  PUBLISHER = {Wiley Online Library},
  DATE = {2000},
  DOI = {10.1046/j.1365-2125.2000.00121.x},
  JOURNALTITLE = {British journal of clinical pharmacology},
  NUMBER = {2},
  PAGES = {104--109},
  TITLE = {Non-linear pharmacokinetics of {MDMA} ('ecstasy') in humans},
  VOLUME = {49},
}

@ARTICLE{torreEnzymes,
  AUTHOR = {De La Torre, Rafael and Yubero-Lahoz, Samanta and Pardo-Lozano, Ricardo and Farre, Magi},
  DATE = {2012},
  DOI = {10.3389/fgene.2012.00235},
  ISSN = {1664-8021},
  JOURNALTITLE = {Frontiers in Genetics},
  TITLE = {{MDMA}, methamphetamine, and CYP2D6 pharmacogenetics: what is clinically relevant?},
  VOLUME = {3},
}

@ARTICLE{deciSDT,
  AUTHOR = {Deci, Edward L. and Ryan, Richard M.},
  PUBLISHER = {Routledge},
  URL = {https://selfdeterminationtheory.org/SDT/documents/2000_DeciRyan_PIWhatWhy.pdf},
  DATE = {2000},
  DOI = {10.1207/S15327965PLI1104_01},
  JOURNALTITLE = {Psychological Inquiry},
  NUMBER = {4},
  PAGES = {227--268},
  TITLE = {The "What" and "Why" of Goal Pursuits: Human Needs and the Self-Determination of Behavior},
  VERBA = {selfdeterminationtheory.org/SDT/documents/2000_DeciRyan_PIWhatWhy.pdf},
  VOLUME = {11},
}

@ARTICLE{delgadillo2022progress,
  AUTHOR = {Delgadillo, Jaime and Deisenhofer, Anne-Katharina and Probst, Thomas and Shimokawa, Kenichi and Lambert, Michael J and Kleinstäuber, Maria},
  PUBLISHER = {American Psychological Association},
  DATE = {2022},
  DOI = {doi/10.1037/ccp0000747},
  JOURNALTITLE = {Journal of Consulting and Clinical Psychology},
  NUMBER = {7},
  PAGES = {559},
  TITLE = {Progress feedback narrows the gap between more and less effective therapists: A therapist effects meta-analysis of clinical trials},
  VOLUME = {90},
}

@ARTICLE{berghSelfEvidencing,
  AUTHOR = {den Bergh, Omer Van and Brosschot, Jos and Critchley, Hugo and Thayer, Julian F. and Ottaviani, Cristina},
  DATE = {2021},
  DOI = {10.1177/1745691620950690},
  JOURNALTITLE = {Perspectives on Psychological Science},
  NUMBER = {2},
  PAGES = {225--246},
  TITLE = {Better Safe Than Sorry: A Common Signature of General Vulnerability for Psychopathology},
  VOLUME = {16},
}

@BOOK{forgiving,
  AUTHOR = {Desmond Tutu, Mpho Tutu},
  PUBLISHER = {Harper Collins},
  DATE = {2015},
  TITLE = {The Book of Forgiving: The Fourfold Path for Healing Ourselves and Our World},
}

@MISC{devenotCommittee,
  AUTHOR = {Devenot, Neşe},
  URL = {https://chemicalpoetics.substack.com/p/fda-announces-advisory-committee},
  DATE = {2024},
  TITLE = {FDA announces advisory committee meeting on {MDMA}-assisted therapy},
  VERBA = {chemicalpoetics.substack.com/p/fda-announces-advisory-committee},
}

@MISC{transferranceLoveHarm,
  AUTHOR = {Devereux, Dawn},
  URL = {https://www.bacp.co.uk/bacp-journals/therapy-today/2016/september-2016/transference-love-and-harm},
  DATE = {2016},
  TITLE = {Transference love and harm},
  VERBA = {bacp.co.uk/bacp-journals/therapy-today/2016/september-2016/transference-love-and-harm},
}

@ARTICLE{dewit2016neuroimaging,
  AUTHOR = {de-Wit, Lee and Alexander, David and Ekroll, Vebj{ø}rn and Wagemans, Johan},
  PUBLISHER = {Springer},
  DATE = {2016},
  DOI = {10.3758/s13423-016-1002-0},
  JOURNALTITLE = {Psychonomic bulletin \& review},
  PAGES = {1415--1428},
  TITLE = {Is neuroimaging measuring information in the brain?},
  VOLUME = {23},
}

@ARTICLE{airPollution,
  AUTHOR = {Dominski, Fábio Hech and {Lorenzetti Branco}, Joaquim Henrique and Buonanno, Giorgio and Stabile, Luca and {Gameiro da Silva}, Manuel and Andrade, Alexandro},
  DATE = {2021},
  DOI = {10.1016/j.envres.2021.111487},
  ISSN = {0013-9351},
  JOURNALTITLE = {Environmental Research},
  PAGES = {111487},
  TITLE = {Effects of air pollution on health: A mapping review of systematic reviews and meta-analyses},
  VOLUME = {201},
}

@ARTICLE{doss2024memory,
  AUTHOR = {Doss, Manoj K and DeMarco, AnnaMarie and Dunsmoor, Joseph E and Cisler, Josh M and Fonzo, Gregory A and Nemeroff, Charles B},
  PUBLISHER = {Springer},
  DATE = {2024},
  DOI = {10.1007/s40265-024-02106-4},
  JOURNALTITLE = {Drugs},
  PAGES = {1419--1443},
  TITLE = {How Psychedelics Modulate Multiple Memory Mechanisms in Posttraumatic Stress Disorder},
  VOLUME = {84},
}

@ARTICLE{droogmans2007valvular,
  AUTHOR = {Droogmans, Steven and Cosyns, Bernard and D'haenen, Hugo and Creeten, Edwin and Weytjens, Caroline and Franken, Philippe R and Scott, Benjamin and Schoors, Danny and Kemdem, Arsène and Close, Laurent and others},
  PUBLISHER = {Elsevier},
  DATE = {2007},
  DOI = {10.1016/j.amjcard.2007.06.045},
  JOURNALTITLE = {The American journal of cardiology},
  NUMBER = {9},
  PAGES = {1442--1445},
  TITLE = {Possible association between 3,4-methylenedioxymethamphetamine abuse and valvular heart disease},
  VOLUME = {100},
}

@REPORT{dunlap2021background,
  AUTHOR = {Dunlap, Ben and Basye, A and Skillman, Susan M},
  INSTITUTION = {UW Department of Family Medicine},
  URL = {https://familymedicine.uw.edu/chws/wp-content/uploads/sites/5/2021/11/Background-Checks-FR-2021.pdf},
  DATE = {2021},
  TITLE = {Background checks and the health workforce: practices, policies and equity},
  TYPE = {techreport},
  VERBA = {familymedicine.uw.edu/chws/wp-content/uploads/sites/5/2021/11/Background-Checks-FR-2021.pdf},
}

@ARTICLE{dunsmoor2022laboratory,
  AUTHOR = {Dunsmoor, Joseph E and Cisler, Josh M and Fonzo, Gregory A and Creech, Suzannah K and Nemeroff, Charles B},
  PUBLISHER = {Elsevier},
  DATE = {2022},
  DOI = {10.1016/j.neuron.2022.03.001},
  JOURNALTITLE = {Neuron},
  NUMBER = {11},
  PAGES = {1754--1776},
  TITLE = {Laboratory models of post-traumatic stress disorder: The elusive bridge to translation},
  VOLUME = {110},
}

@ARTICLE{eaton2023review,
  AUTHOR = {Eaton, Nicholas R and Bringmann, Laura F and Elmer, Timon and Fried, Eiko I and Forbes, Miriam K and Greene, Ashley L and Krueger, Robert F and Kotov, Roman and McGorry, Patrick D and Mei, Cristina and others},
  PUBLISHER = {Nature Publishing Group US New York},
  DATE = {2023},
  DOI = {10.1038/s44159-023-00218-4},
  JOURNALTITLE = {Nature Reviews Psychology},
  NUMBER = {10},
  PAGES = {622--636},
  TITLE = {A review of approaches and models in psychopathology conceptualization research},
  VOLUME = {2},
}

@ARTICLE{ecker2015misunderstood,
  AUTHOR = {Ecker, Bruce},
  URL = {https://www.coherencetherapy.org/files/Ecker_2015_MR-Understood-&-Misunderstood.pdf},
  DATE = {2015},
  DOI = {10.12744/ijnpt.2015.0002-0046},
  JOURNALTITLE = {International Journal of Neuropsychotherapy},
  NUMBER = {1},
  PAGES = {2--46},
  TITLE = {Memory reconsolidation understood and misunderstood},
  VERBA = {coherencetherapy.org/files/Ecker_2015_MR-Understood-&-Misunderstood.pdf},
  VOLUME = {3},
}

@BOOK{eckerUnlocking,
  AUTHOR = {Ecker, Bruce and Ticic, Robin and Hulley, Laurel},
  PUBLISHER = {Taylor \& Francis},
  DATE = {2024},
  DOI = {10.4324/9781003231431},
  TITLE = {Unlocking the Emotional Brain: Memory Reconsolidation and the Psychotherapy of Transformational Change},
}

@ARTICLE{edinoffInteractions,
  AUTHOR = {Edinoff, Amber N and Swinford, Connor R and Odisho, Amira S and Burroughs, Caroline R and Stark, Cain W and Raslan, Walid A and Cornett, Elyse M and Kaye, Adam M and Kaye, Alan D},
  PUBLISHER = {Open Medical Publishing},
  DATE = {2022},
  DOI = {10.52965%2F001c.39576},
  JOURNALTITLE = {Health Psychology Research},
  NUMBER = {4},
  TITLE = {Clinically Relevant Drug Interactions with Monoamine Oxidase Inhibitors},
  VOLUME = {10},
}

@ARTICLE{setSettingMatrix,
  AUTHOR = {Eisner, Betty},
  PUBLISHER = {Taylor \& Francis},
  DATE = {1997},
  DOI = {10.1080/02791072.1997.10400190},
  JOURNALTITLE = {Journal of Psychoactive Drugs},
  NUMBER = {2},
  PAGES = {213--216},
  TITLE = {Set, Setting, and Matrix},
  VOLUME = {29},
}

@ARTICLE{elsey2018human,
  AUTHOR = {Elsey, James WB and van Ast, Vanessa A and Kindt, Merel},
  DATE = {2018},
  DOI = {10.1037/bul0000152},
  JOURNALTITLE = {Psychological bulletin},
  NUMBER = {8},
  PAGES = {797},
  TITLE = {Human memory reconsolidation: A guiding framework and critical review of the evidence},
  VOLUME = {144},
}

@REPORT{emanuelHospitalization,
  AUTHOR = {Emanuel, Natalia and Welle, Pim and Bolotnyy, Valentin},
  INSTITUTION = {Federal Reserve Bank of New York},
  URL = {https://www.newyorkfed.org/medialibrary/media/research/staff_reports/sr1158.pdf?sc_lang=en},
  DATE = {2025},
  TITLE = {A Danger to Self and Others: Health and Criminal Consequences of Involuntary Hospitalization},
  TYPE = {techreport},
  VERBA = {newyorkfed.org/medialibrary/media/research/staff_reports/sr1158.pdf?sc_lang=en},
}

@ARTICLE{emdeEmergency,
  AUTHOR = {Emde, Kathy},
  PUBLISHER = {Elsevier},
  DATE = {2003},
  DOI = {10.1016/S0099-1767(03)00292-7},
  JOURNALTITLE = {Journal of Emergency Nursing},
  NUMBER = {5},
  PAGES = {440--443},
  TITLE = {{MDMA} (Ecstasy) in the emergency department},
  VOLUME = {29},
}

@MISC{energyTesting,
  AUTHOR = {{Energy Control International}},
  URL = {https://energycontrol-international.org/drug-testing-service/submitting-a-sample},
  DATE = {2025},
  TITLE = {Drug Testing Service},
  VERBA = {energycontrol-international.org/drug-testing-service/submitting-a-sample},
}

@ARTICLE{engel1977need,
  AUTHOR = {Engel, George L},
  PUBLISHER = {American Association for the Advancement of Science},
  DATE = {1977},
  DOI = {10.1126/science.847460},
  JOURNALTITLE = {Science},
  NUMBER = {4286},
  PAGES = {129--136},
  TITLE = {The need for a new medical model: a challenge for biomedicine},
  VOLUME = {196},
}

@MISC{erowidAbuse,
  AUTHOR = {Erowid},
  URL = {https://www.erowid.org/experiences/subs/exp_MDMA_Addiction_Habituation.shtml},
  DATE = {2024},
  TITLE = {{MDMA} (also Ecstasy; Molly; Adam; E; X) Reports - Addiction \& Habituation},
  VERBA = {erowid.org/experiences/subs/exp_MDMA_Addiction_Habituation.shtml},
}

@ARTICLE{escamilla2023treatment,
  AUTHOR = {Escamilla, Irene and Juan, Nerea and Peñalva, Celeste and Sánchez-Llorens, Marta and Renau, Jorge and Benito, Ana and Haro, Gonzalo},
  PUBLISHER = {Taylor \& Francis},
  DATE = {2023},
  DOI = {10.1080/20008066.2023.2265184},
  JOURNALTITLE = {European Journal of Psychotraumatology},
  NUMBER = {2},
  PAGES = {2265184},
  TITLE = {Treatment of dissociative symptoms with opioid antagonists: a systematic review},
  VOLUME = {14},
}

@MISC{euMDMA,
  AUTHOR = {{European Union Drugs Agency}},
  URL = {https://www.euda.europa.eu/publications/eu-drug-markets/mdma/production_en},
  DATE = {2025},
  TITLE = {{EU} Drug Market: {MDMA} - Production. How and where {MDMA} is produced in {Europe}},
  VERBA = {euda.europa.eu/publications/eu-drug-markets/mdma/production_en},
}

@MISC{supportNetwork,
  AUTHOR = {Evans, Jules},
  URL = {https://www.ecstaticintegration.org/p/building-a-psychedelic-safety-network},
  DATE = {2024},
  TITLE = {Building a psychedelic safety network},
  VERBA = {ecstaticintegration.org/p/building-a-psychedelic-safety-network},
}

@MISC{mdmaExtendedEvans,
  AUTHOR = {Evans, Jules},
  URL = {https://www.ecstaticintegration.org/p/can-mdma-lead-to-extended-difficulties},
  DATE = {2024},
  TITLE = {Can {MDMA} lead to extended difficulties?},
  VERBA = {ecstaticintegration.org/p/can-mdma-lead-to-extended-difficulties},
}

@MISC{evansBlame,
  AUTHOR = {Evans, Jules},
  URL = {https://www.ecstaticintegration.org/p/maps-lykos-who-is-to-blame-and-what},
  DATE = {2024},
  TITLE = {{MAPS} / {Lykos}: who is to blame and what happens next?},
  VERBA = {ecstaticintegration.org/p/maps-lykos-who-is-to-blame-and-what},
}

@MISC{ecstaticIntegration,
  AUTHOR = {Evans, Jules and Prideaux, Ed},
  URL = {www.ecstaticintegration.org},
  DATE = {2024},
  TITLE = {Ecstatic Integration},
  VERBA = {ecstaticintegration.org},
}

@BOOK{evans2020,
  AUTHOR = {Evans, Jules and Read, Tim},
  PUBLISHER = {Aeon Books},
  URL = {https://health.aeonbooks.co.uk//product/breaking-open/94497},
  DATE = {2020},
  TITLE = {Breaking Open},
  VERBA = {health.aeonbooks.co.uk//product/breaking-open/94497},
}

@ARTICLE{evans2023extended,
  AUTHOR = {Evans, Jules and Robinson, Oliver C and Argyri, Eirini Ketzitzidou and Suseelan, Shayam and Murphy-Beiner, Ashleigh and McAlpine, Rosalind and Luke, David and Michelle, Katrina and Prideaux, Ed},
  PUBLISHER = {Public Library of Science San Francisco, CA USA},
  DATE = {2023},
  DOI = {10.1371/journal.pone.0293349},
  JOURNALTITLE = {Plos one},
  NUMBER = {10},
  PAGES = {e0293349},
  TITLE = {Extended difficulties following the use of psychedelic drugs: A mixed methods study},
  VOLUME = {18},
}

@ARTICLE{evansAfterglow,
  AUTHOR = {Evens, Ricarda and Schmidt, Marianna Elisa and Majić, Tomislav and Schmidt, Timo Torsten},
  DATE = {2023},
  DOI = {10.1177/20451253231172254},
  JOURNALTITLE = {Therapeutic Advances in Psychopharmacology},
  PAGES = {20451253231172254},
  TITLE = {The psychedelic afterglow phenomenon: a systematic review of subacute effects of classic serotonergic psychedelics},
  VOLUME = {13},
}

@ARTICLE{farreTolerance,
  AUTHOR = {Farré, Magí and Tomillero, Angels and Pérez-Mañá, Clara and Yubero, Samanta and Papaseit, Esther and Roset, Pere-Nolasc and Pujadas, Mitona and Torrens, Marta and Camí, Jordi and de la Torre, Rafael},
  PUBLISHER = {Elsevier},
  DATE = {2015},
  DOI = {10.1016/j.euroneuro.2015.05.007},
  JOURNALTITLE = {European neuropsychopharmacology},
  NUMBER = {10},
  PAGES = {1637--1649},
  TITLE = {Human pharmacology of 3,4-methylenedioxymethamphetamine ({MDMA}, ecstasy) after repeated doses taken 4 h apart Human pharmacology of {MDMA} after repeated doses taken 4 h apart},
  VOLUME = {25},
}

@ARTICLE{feducciaSSRIDiscontinuation,
  AUTHOR = {Feduccia, Allison A. and Jerome, Lisa and Mithoefer, Michael C. and Holland, Julie},
  DATE = {2021},
  DOI = {10.1007/s00213-020-05710-w},
  JOURNALTITLE = {Psychopharmacology},
  NUMBER = {2},
  PAGES = {581--588},
  TITLE = {RETRACTED ARTICLE: Discontinuation of medications classified as reuptake inhibitors affects treatment response of {MDMA}-assisted psychotherapy},
  VOLUME = {238},
}

@MISC{feduccia2024retraction,
  AUTHOR = {Feduccia, Allison A and Jerome, Lisa and Mithoefer, Michael C and Holland, Julie},
  PUBLISHER = {Springer},
  DATE = {2024},
  DOI = {10.1007/s00213-024-06671-0},
  JOURNALTITLE = {Psychopharmacology},
  PAGES = {2403},
  TITLE = {Retraction Note: Discontinuation of medications classified as reuptake inhibitors affects treatment response of {MDMA}-assisted psychotherapy},
  VOLUME = {241},
}

@ARTICLE{fedduciaMDMAMemoryReconsolidation,
  AUTHOR = {Feduccia, Allison A. and Mithoefer, Michael C.},
  DATE = {2018},
  DOI = {10.1016/j.pnpbp.2018.03.003},
  JOURNALTITLE = {Progress in Neuro-Psychopharmacology and Biological Psychiatry},
  NUMBER = {A},
  PAGES = {221--228},
  TITLE = {{MDMA}-assisted psychotherapy for {PTSD}: Are memory reconsolidation and fear extinction underlying mechanisms?},
  VOLUME = {84},
}

@INBOOK{fehr2008friendship,
  AUTHOR = {Fehr, Beverley},
  EDITOR = {Sprecher, Susan and Wenzel, Amy and Harvey, John},
  PUBLISHER = {Psychology Press},
  BOOKTITLE = {Handbook of Relationship Initiation},
  DATE = {2008},
  PAGES = {29--54},
  TITLE = {Friendship formation},
}

@ARTICLE{felittiACE,
  AUTHOR = {Felitti, Vincent J and Anda, Robert F and Nordenberg, Dale and Williamson, David F and Spitz, Alison M and Edwards, Valerie and Marks, James S},
  PUBLISHER = {Elsevier},
  DATE = {1998},
  DOI = {10.1016/S0749-3797(98)00017-8},
  JOURNALTITLE = {American journal of preventive medicine},
  TITLE = {Relationship of childhood abuse and household dysfunction to many of the leading causes of death in adults: The Adverse Childhood Experiences ({ACE}) Study},
}

@ARTICLE{fincham2023breathwork,
  AUTHOR = {Fincham, Guy William and Strauss, Clara and Montero-Marin, Jesus and Cavanagh, Kate},
  PUBLISHER = {Nature Publishing Group UK London},
  DATE = {2023},
  DOI = {10.1038/s41598-022-27247-y},
  JOURNALTITLE = {Scientific Reports},
  NUMBER = {1},
  PAGES = {432},
  TITLE = {Effect of breathwork on stress and mental health: A meta-analysis of randomised-controlled trials},
  VOLUME = {13},
}

@ARTICLE{drugsPsychosis,
  AUTHOR = {Fiorentini, Alessio and Cantù, Filippo and Crisanti, Camilla and Cereda, Guido and Oldani, Lucio and Brambilla, Paolo},
  DATE = {2021},
  DOI = {10.3389/fpsyt.2021.694863},
  JOURNALTITLE = {Frontiers in Psychiatry},
  TITLE = {Substance-Induced Psychoses: An Updated Literature Review},
  VOLUME = {Volume 12 - 2021},
}

@MISC{firesideProject,
  AUTHOR = {{Fireside Project}},
  URL = {https://firesideproject.org},
  DATE = {2023},
  TITLE = {The Psychedelic Peer Support Line provides emotional support during and after psychedelic experiences},
  VERBA = {firesideproject.org},
}

@ARTICLE{firth2019therapistEffects,
  AUTHOR = {Firth, Nick and Saxon, David and Stiles, William B and Barkham, Michael},
  PUBLISHER = {American Psychological Association},
  DATE = {2019},
  DOI = {10.1037/ccp0000388},
  JOURNALTITLE = {Journal of consulting and clinical psychology},
  NUMBER = {4},
  PAGES = {345},
  TITLE = {Therapist and clinic effects in psychotherapy: A three-level model of outcome variability},
  VOLUME = {87},
}

@ARTICLE{fisherGrounding,
  AUTHOR = {Fisher, Janina},
  URL = {https://www.smchealth.org/sites/main/files/file-attachments/tic_stabilize.pdf},
  DATE = {1999},
  TITLE = {The work of stabilization in trauma treatment},
  VERBA = {smchealth.org/sites/main/files/file-attachments/tic_stabilize.pdf},
}

@ARTICLE{fitzcharles2021nociplastic,
  AUTHOR = {Fitzcharles, Mary-Ann and Cohen, Steven P and Clauw, Daniel J and Littlejohn, Geoffrey and Usui, Chie and Häuser, Winfried},
  DATE = {2021},
  DOI = {10.1016/S0140-6736(21)00392-5},
  JOURNALTITLE = {The Lancet},
  NUMBER = {10289},
  PAGES = {2098--2110},
  TITLE = {Nociplastic pain: towards an understanding of prevalent pain conditions},
  VOLUME = {397},
}

@MISC{flockartTable,
  AUTHOR = {Flockhard, David},
  URL = {https://drug-interactions.medicine.iu.edu/MainTable.aspx},
  DATE = {2025},
  TITLE = {Drug Interactions {Flockhart} Table},
  VERBA = {drug-interactions.medicine.iu.edu/MainTable.aspx},
}

@ARTICLE{fluckiger2018alliance,
  AUTHOR = {Flückiger, Christoph and Del Re, Aaron C and Wampold, Bruce E and Horvath, Adam O},
  PUBLISHER = {Educational Publishing Foundation},
  DATE = {2018},
  DOI = {10.1037/pst0000172},
  JOURNALTITLE = {Psychotherapy},
  NUMBER = {4},
  PAGES = {316},
  TITLE = {The alliance in adult psychotherapy: A meta-analytic synthesis},
  VOLUME = {55},
}

@MISC{betterhelp3,
  AUTHOR = {Foisy, Nicholas},
  URL = {https://www.compassitc.com/blog/is-betterhelp-a-scam-unpacking-the-truth},
  DATE = {2024},
  TITLE = {Is {BetterHelp} a Scam? Unpacking The Truth},
  VERBA = {compassitc.com/blog/is-betterhelp-a-scam-unpacking-the-truth},
}

@ARTICLE{forsterTraumaAddiction,
  AUTHOR = {Forster, Myriam and Grigsby, Timothy J and Rogers, Christopher J and Benjamin, Stephanie M},
  PUBLISHER = {Elsevier},
  DATE = {2018},
  DOI = {10.1016/j.addbeh.2017.08.037},
  JOURNALTITLE = {Addictive behaviors},
  PAGES = {298--304},
  TITLE = {The relationship between family-based adverse childhood experiences and substance use behaviors among a diverse sample of college students},
  VOLUME = {76},
}

@ARTICLE{freidelSeizures,
  AUTHOR = {Freidel, Ninon and Kreuder, Liliane and Rabinovitch, Brenden Samuel and Chen, Frank Yizhao and Huang, Ryan S. T. and Lewis, Evan Cole},
  DATE = {2024},
  DOI = {10.3389/fphar.2023.1326815},
  JOURNALTITLE = {Frontiers in Pharmacology},
  TITLE = {Psychedelics, epilepsy, and seizures: a review},
  VOLUME = {14},
}

@ARTICLE{friston2010free,
  AUTHOR = {Friston, Karl},
  PUBLISHER = {Nature publishing group},
  DATE = {2010},
  DOI = {10.1038/nrn2787},
  JOURNALTITLE = {Nature reviews neuroscience},
  NUMBER = {2},
  PAGES = {127--138},
  TITLE = {The free-energy principle: a unified brain theory?},
  VOLUME = {11},
}

@MISC{chestPain,
  AUTHOR = {Fromson, Noah},
  URL = {https://www.michiganmedicine.org/health-lab/when-chest-pain-isnt-heart-attack},
  DATE = {2023},
  TITLE = {When chest pain isn’t a heart attack},
  VERBA = {michiganmedicine.org/health-lab/when-chest-pain-isnt-heart-attack},
}

@BOOK{galefScoutMindset,
  AUTHOR = {Galef, Julia},
  PUBLISHER = {Penguin},
  URL = {https://www.penguinrandomhouse.com/books/555240/the-scout-mindset-by-julia-galef},
  DATE = {2021},
  TITLE = {The Scout Mindset},
  VERBA = {penguinrandomhouse.com/books/555240/the-scout-mindset-by-julia-galef},
}

@ARTICLE{gardBipolar,
  AUTHOR = {Gard, David E. and Pleet, Mollie M. and Bradley, Ellen R. and Penn, Andrew D. and Gallenstein, Matthew L. and Riley, Lauren S. and DellaCrosse, Meghan and Garfinkle, Emily M. and Michalak, Erin E. and Woolley, Joshua D.},
  DATE = {2021},
  DOI = {10.1016/j.jadr.2021.100240},
  ISSN = {2666-9153},
  JOURNALTITLE = {Journal of Affective Disorders Reports},
  PAGES = {100240},
  TITLE = {Evaluating the risk of psilocybin for the treatment of bipolar depression: A review of the research literature and published case studies},
  VOLUME = {6},
}

@ARTICLE{gardoki2022prevalence,
  AUTHOR = {Gardoki-Souto, Itxaso and Redolar-Ripoll, Diego and Fontana, Marta and Hogg, Bridget and Castro, María José and Blanch, Josep M and Ojeda, Fabiola and Solanes, Aleix and Radua, Joaquim and Valiente-Gómez, Alicia and others},
  PUBLISHER = {Wiley Online Library},
  DATE = {2022},
  DOI = {10.1155/2022/2114451},
  JOURNALTITLE = {Pain Research and Management},
  NUMBER = {1},
  PAGES = {2114451},
  TITLE = {Prevalence and characterization of psychological trauma in patients with fibromyalgia: A cross-sectional study},
  VOLUME = {2022},
}

@ARTICLE{geiselman1984context,
  AUTHOR = {Geiselman, R Edward and Haight, Nancy A and Kimata, Lori G},
  PUBLISHER = {Elsevier},
  DATE = {1984},
  DOI = {10.1016/0022-1031(84)90035-0},
  JOURNALTITLE = {Journal of Experimental Social Psychology},
  NUMBER = {5},
  PAGES = {409--424},
  TITLE = {Context effects on the perceived physical attractiveness of faces},
  VOLUME = {20},
}

@ARTICLE{gillard2019peer,
  AUTHOR = {Gillard, Steve},
  PUBLISHER = {Taylor \& Francis},
  DATE = {2019},
  DOI = {10.1080/09638237.2019.1608935},
  JOURNALTITLE = {Journal of Mental Health},
  NUMBER = {4},
  PAGES = {341--344},
  TITLE = {Peer support in mental health services: where is the research taking us, and do we want to go there?},
  VOLUME = {28},
}

@MISC{pewFriends,
  AUTHOR = {Goddard, Isabel},
  URL = {https://www.pewresearch.org/short-reads/2023/10/12/what-does-friendship-look-like-in-america},
  DATE = {2023},
  TITLE = {What does friendship look like in {America}?},
  VERBA = {pewresearch.org/short-reads/2023/10/12/what-does-friendship-look-like-in-america},
}

@ARTICLE{godes2023perceived,
  AUTHOR = {Godes, Macha and Lucas, Jasper and Vermetten, Eric},
  PUBLISHER = {Frontiers Media SA},
  DATE = {2023},
  DOI = {10.3389/fpsyt.2023.957824},
  JOURNALTITLE = {Frontiers in Psychiatry},
  TITLE = {Perceived key change phenomena of {MDMA}-assisted psychotherapy for the treatment of severe PTSD: an interpretative phenomenological analysis of clinical integration sessions},
  VOLUME = {14},
}

@ARTICLE{goldberg2016psychotherapists,
  AUTHOR = {Goldberg, Simon B and Rousmaniere, Tony and Miller, Scott D and Whipple, Jason and Nielsen, Stevan Lars and Hoyt, William T and Wampold, Bruce E},
  PUBLISHER = {American Psychological Association},
  DATE = {2016},
  DOI = {10.1037/cou0000131},
  JOURNALTITLE = {Journal of counseling psychology},
  NUMBER = {1},
  PAGES = {1--11},
  TITLE = {Do psychotherapists improve with time and experience? A longitudinal analysis of outcomes in a clinical setting},
  VOLUME = {63},
}

@BOOK{gottmanTrust,
  AUTHOR = {Gottman, John M},
  PUBLISHER = {WW Norton \& Company},
  URL = {https://wwnorton.com/books/9780393705959},
  DATE = {2011},
  TITLE = {The science of trust: Emotional attunement for couples},
  VERBA = {wwnorton.com/books/9780393705959},
}

@ARTICLE{gowen2012young,
  AUTHOR = {Gowen, Kris and Deschaine, Matthew and Gruttadara, Darcy and Markey, Dana},
  PUBLISHER = {International Association of Psychosocial Rehabilitation Services},
  DATE = {2012},
  DOI = {10.2975/35.3.2012.245.250},
  JOURNALTITLE = {Psychiatric rehabilitation journal},
  NUMBER = {3},
  PAGES = {245},
  TITLE = {Young adults with mental health conditions and social networking websites: seeking tools to build community},
  VOLUME = {35},
}

@ARTICLE{meditationMentalHealth,
  AUTHOR = {Goyal, Madhav and Singh, Sonal and Sibinga, Erica M. S. and Gould, Neda F. and Rowland-Seymour, Anastasia and Sharma, Ritu and Berger, Zackary and Sleicher, Dana and Maron, David D. and Shihab, Hasan M. and Ranasinghe, Padmini D. and Linn, Shauna and Saha, Shonali and Bass, Eric B. and Haythornthwaite, Jennifer A.},
  DATE = {2014-03},
  DOI = {10.1001/jamainternmed.2013.13018},
  ISSN = {2168-6106},
  JOURNALTITLE = {JAMA Internal Medicine},
  NUMBER = {3},
  PAGES = {357--368},
  TITLE = {Meditation Programs for Psychological Stress and Well-being: A Systematic Review and Meta-analysis},
  VOLUME = {174},
}

@MISC{walkingMeditation,
  AUTHOR = {{Greater Good Science Center}},
  URL = {https://ggia.berkeley.edu/practice/walking_meditation},
  DATE = {2025},
  TITLE = {Walking Meditation},
  VERBA = {ggia.berkeley.edu/practice/walking_meditation},
}

@MISC{BRWAIdownload,
  AUTHOR = {Greenspace},
  URL = {https://greenspacehealth.com/en-us/br-wai},
  DATE = {2023},
  TITLE = {Brief Revised Working Alliance Inventory},
  VERBA = {greenspacehealth.com/en-us/br-wai},
}

@BOOK{crucial,
  AUTHOR = {Grenny, Joseph and Patterson, Kerry and McMillan, Ron and Switzler, Al and Gregory, Emily},
  PUBLISHER = {McGraw Hill},
  DATE = {2022},
  TITLE = {Crucial Conversations: Tools for Talking When Stakes are High},
}

@ARTICLE{gumpper2024chemistry,
  AUTHOR = {Gumpper, Ryan H and Nichols, David E},
  PUBLISHER = {Wiley Online Library},
  DATE = {2024},
  DOI = {10.1111/bph.17361},
  JOURNALTITLE = {British Journal of Pharmacology},
  TITLE = {Chemistry/structural biology of psychedelic drugs and their receptor(s)},
}

@ARTICLE{gutheil1991patients,
  AUTHOR = {Gutheil, Thomas G},
  PUBLISHER = {SLACK Incorporated Thorofare, NJ},
  DATE = {1991},
  DOI = {10.3928/0048-5713-19911101-08},
  JOURNALTITLE = {Psychiatric Annals},
  NUMBER = {11},
  PAGES = {661--667},
  TITLE = {Patients involved in sexual misconduct with therapists: Is a victim profile possible?},
  VOLUME = {21},
}

@INBOOK{halpernHPPD,
  AUTHOR = {Halpern, John H. and Lerner, Arturo G. and Passie, Torsten},
  EDITOR = {Halberstadt, Adam L. and Vollenweider, Franz X. and Nichols, David E.},
  LOCATION = {Berlin, Heidelberg},
  PUBLISHER = {Springer Berlin Heidelberg},
  URL = {https://static1.squarespace.com/static/5ab926f8a9e0287fbf928015/t/5b119523575d1fe491ef8383/1527878948945/HPPD.pdf},
  BOOKTITLE = {Behavioral Neurobiology of Psychedelic Drugs},
  DATE = {2018},
  DOI = {10.1007/7854_2016_457},
  ISBN = {978-3-662-55880-5},
  PAGES = {333--360},
  TITLE = {A Review of Hallucinogen Persisting Perception Disorder ({HPPD}) and an Exploratory Study of Subjects Claiming Symptoms of {HPPD}},
  VERBA = {static1.squarespace.com/static/5ab926f8a9e0287fbf928015/t/5b119523575d1fe491ef8383/1527878948945/HPPD.pdf},
}

@ARTICLE{halpernMormonRavers,
  AUTHOR = {Halpern, John H. and Sherwood, Andrea R. and Hudson, James I. and Gruber, Staci and Kozin, David and Pope Jr, Harrison G.},
  URL = {https://www.ncbi.nlm.nih.gov/pmc/articles/PMC3053129/pdf/nihms-247953.pdf},
  DATE = {2011},
  DOI = {10.1111/j.1360-0443.2010.03252.x},
  JOURNALTITLE = {Addiction},
  NUMBER = {4},
  PAGES = {777--786},
  TITLE = {Residual neurocognitive features of long-term ecstasy users with minimal exposure to other drugs},
  VERBA = {ncbi.nlm.nih.gov/pmc/articles/PMC3053129/pdf/nihms-247953.pdf},
  VOLUME = {106},
}

@MISC{harperClass,
  AUTHOR = {Harper, Thomas},
  URL = {https://docs.google.com/document/d/1SjQae2P8LugMJBXM3ixsbbcuRdUb4mZrwjol_WtJ1uU/edit?usp=sharing},
  DATE = {2024},
  TITLE = {Building a nuanced understanding of social class},
  VERBA = {docs.google.com/document/d/1SjQae2P8LugMJBXM3ixsbbcuRdUb4mZrwjol_WtJ1uU/edit?usp=sharing},
}

@MISC{harperThought,
  AUTHOR = {Harper, Thomas},
  URL = {https://docs.google.com/spreadsheets/d/1AJa4fbjoGViEesEJd1WMoCtuaw4nWpTiD8enGgyVIw4},
  DATE = {2025},
  TITLE = {Thought Record Spreadsheet w/ Instructions},
  VERBA = {docs.google.com/spreadsheets/d/1AJa4fbjoGViEesEJd1WMoCtuaw4nWpTiD8enGgyVIw4},
}

@BOOK{harris2018deepest,
  AUTHOR = {Harris, Nadine Burke},
  PUBLISHER = {Houghton Mifflin Harcourt},
  DATE = {2018},
  TITLE = {The deepest well: Healing the long-term effects of childhood adversity},
}

@BOOK{actSimple,
  AUTHOR = {Harris, Russ},
  PUBLISHER = {New Harbinger Publications},
  DATE = {2019},
  TITLE = {{ACT} Made Simple, An Easy-To-Read Primer on Acceptance and Commitment Therapy},
}

@ARTICLE{hartogsohn2018meaning,
  AUTHOR = {Hartogsohn, Ido},
  PUBLISHER = {Frontiers Media SA},
  DATE = {2018},
  DOI = {10.3389/fnins.2018.00129},
  JOURNALTITLE = {Frontiers in neuroscience},
  TITLE = {The meaning-enhancing properties of psychedelics and their mediator role in psychedelic therapy, spirituality, and creativity},
  VOLUME = {12},
}

@ARTICLE{hayes2020complex,
  AUTHOR = {Hayes, Adele M and Andrews, Leigh A},
  PUBLISHER = {Springer},
  DATE = {2020},
  DOI = {10.1186/s12916-020-01662-2},
  JOURNALTITLE = {BMC medicine},
  NUMBER = {197},
  TITLE = {A complex systems approach to the study of change in psychotherapy},
  VOLUME = {18},
}

@ARTICLE{helmich2024slow,
  AUTHOR = {Helmich, Marieke A and Schreuder, Marieke J and Bringmann, Laura F and Riese, Harriëtte and Snippe, Evelien and Smit, Arnout C},
  PUBLISHER = {Nature Publishing Group US New York},
  DATE = {2024},
  DOI = {10.1038/s44159-024-00369-y},
  JOURNALTITLE = {Nature Reviews Psychology},
  NUMBER = {11},
  PAGES = {767--780},
  TITLE = {Slow down and be critical before using early warning signals in psychopathology},
  VOLUME = {3},
}

@ARTICLE{henningsenSomatic,
  AUTHOR = {Henningsen, Peter and Zimmermann, Thomas and Sattel, Heribert},
  PUBLISHER = {Lww},
  DATE = {2003},
  DOI = {10.1097/01.psy.0000075977.90337.e7},
  JOURNALTITLE = {Psychosomatic medicine},
  NUMBER = {4},
  PAGES = {528--533},
  TITLE = {Medically unexplained physical symptoms, anxiety, and depression: a meta-analytic review},
  VOLUME = {65},
}

@ARTICLE{hew2008statement,
  AUTHOR = {Hew-Butler, Tamara and Ayus, J Carlos and Kipps, Courtney and Maughan, Ronald J and Mettler, Samuel and Meeuwisse, Willem H and Page, Anthony J and Reid, Stephen A and Rehrer, Nancy J and Roberts, William O and others},
  PUBLISHER = {LWW},
  DATE = {2008},
  DOI = {10.1097/JSM.0b013e318168ff31},
  JOURNALTITLE = {Clinical Journal of Sport Medicine},
  NUMBER = {2},
  PAGES = {111--121},
  TITLE = {Statement of the second international exercise-associated hyponatremia consensus development conference, New Zealand, 2007},
  VOLUME = {18},
}

@THESIS{hillsSolo,
  AUTHOR = {Hills, Jack},
  INSTITUTION = {Antioch University},
  URL = {https://etd.ohiolink.edu/acprod/odb_etd/ws/send_file/send?accession=antioch1690227460998206},
  DATE = {2023},
  TITLE = {Phenomenology of {MDMA} Solo Sessions},
  TYPE = {phdthesis},
  VERBA = {etd.ohiolink.edu/acprod/odb_etd/ws/send_file/send?accession=antioch1690227460998206},
}

@MISC{hoelNeuroscience,
  AUTHOR = {Hoel, Erik},
  URL = {https://www.theintrinsicperspective.com/p/neuroscience-is-pre-paradigmatic},
  DATE = {2024},
  TITLE = {Neuroscience is pre-paradigmatic. Consciousness is why},
  VERBA = {theintrinsicperspective.com/p/neuroscience-is-pre-paradigmatic},
}

@INBOOK{hogeveen2021alexithymia,
  AUTHOR = {Hogeveen, Jeremy and Grafman, Jordan},
  EDITOR = {Heilman, Kenneth M. and Nadeau, Stephen E.},
  PUBLISHER = {Elsevier},
  BOOKTITLE = {Disorders of Emotion in Neurologic Disease},
  DATE = {2021},
  DOI = {10.1016/B978-0-12-822290-4.00004-9},
  ISSN = {0072-9752},
  PAGES = {47--62},
  SERIES = {Handbook of Clinical Neurology},
  TITLE = {Chapter 3 - Alexithymia},
  VOLUME = {183},
}

@ARTICLE{holt-lunstadRelationships,
  AUTHOR = {Holt-Lunstad, Julianne and Smith, Timothy B. and Layton, J. Bradley},
  PUBLISHER = {Public Library of Science},
  DATE = {2010},
  DOI = {10.1371/journal.pmed.1000316},
  JOURNALTITLE = {PLOS Medicine},
  NUMBER = {7},
  PAGES = {e1000316},
  TITLE = {Social Relationships and Mortality Risk: A Meta-analytic Review},
  VOLUME = {7},
}

@ARTICLE{holze2020distinct,
  AUTHOR = {Holze, Friederike and Vizeli, Patrick and Müller, Felix and Ley, Laura and Duerig, Raoul and Varghese, Nimmy and Eckert, Anne and Borgwardt, Stefan and Liechti, Matthias E},
  PUBLISHER = {Springer International Publishing Cham},
  DATE = {2020},
  DOI = {10.1038/s41386-019-0569-3},
  JOURNALTITLE = {Neuropsychopharmacology},
  NUMBER = {3},
  PAGES = {462--471},
  TITLE = {Distinct acute effects of {LSD, MDMA}, and {D}-amphetamine in healthy subjects},
  VOLUME = {45},
}

@ARTICLE{hook2018boundary,
  AUTHOR = {Hook, John and Devereux, Dawn},
  PUBLISHER = {Cambridge University Press},
  DATE = {2018},
  DOI = {10.1192/bja.2018.26},
  JOURNALTITLE = {BJPsych Advances},
  NUMBER = {6},
  PAGES = {366--373},
  TITLE = {Boundary violations in therapy: the patient's experience of harm},
  VOLUME = {24},
}

@ARTICLE{horvath2011alliance,
  AUTHOR = {Horvath, Adam O and Del Re, AC and Flückiger, Christoph and Symonds, Dianne},
  PUBLISHER = {Educational Publishing Foundation},
  DATE = {2011},
  DOI = {10.1037/a0022186},
  JOURNALTITLE = {Psychotherapy},
  NUMBER = {1},
  PAGES = {9},
  TITLE = {Alliance in individual psychotherapy},
  VOLUME = {48},
}

@ARTICLE{hughes2017effect,
  AUTHOR = {Hughes, Karen and Bellis, Mark A and Hardcastle, Katherine A and Sethi, Dinesh and Butchart, Alexander and Mikton, Christopher and Jones, Lisa and Dunne, Michael P},
  PUBLISHER = {Elsevier},
  DATE = {2017},
  DOI = {10.1016/s2468-2667(17)30118-4},
  JOURNALTITLE = {The Lancet public health},
  NUMBER = {8},
  PAGES = {e356--e366},
  TITLE = {The effect of multiple adverse childhood experiences on health: a systematic review and meta-analysis},
  VOLUME = {2},
}

@ARTICLE{osmondObit,
  DATE = {2004},
  DOI = {10.1136/bmj.328.7441.713},
  JOURNALTITLE = {British Medical Journal},
  PAGES = {713},
  TITLE = {Humphry {Osmond}},
  VOLUME = {328},
}

@ARTICLE{hunekeExpectancy,
  AUTHOR = {Huneke, Nathan T. M. and Fusetto Veronesi, Guilherme and Garner, Matthew and Baldwin, David S. and Cortese, Samuele},
  DATE = {2025},
  DOI = {10.1001/jamapsychiatry.2025.0085},
  ISSN = {2168-622x},
  JOURNALTITLE = {JAMA Psychiatry},
  TITLE = {Expectancy Effects, Failure of Blinding Integrity, and Placebo Response in Trials of Treatments for Psychiatric Disorders: A Narrative Review},
}

@MISC{iceers,
  AUTHOR = {ICEERS},
  URL = {https://www.iceers.org/support-center-2},
  DATE = {2024},
  TITLE = {Assistance with challenging experiences},
  VERBA = {iceers.org/support-center-2},
}

@BOOK{ingram2018mastering,
  AUTHOR = {Ingram, Daniel},
  PUBLISHER = {Red Wheel/Weiser},
  URL = {https://www.mctb.org/wp-content/uploads/2021/09/MCTB2_Complete_PDF_Final.pdf},
  DATE = {2018},
  TITLE = {Mastering the Core Teachings of the {Buddha}: An Unusually Hardcore Dharma Book-Revised and Expanded Edition},
  VERBA = {mctb.org/wp-content/uploads/2021/09/MCTB2_Complete_PDF_Final.pdf},
}

@MISC{imhu,
  AUTHOR = {{Integrative Mental Health University}},
  URL = {https://imhu.org},
  DATE = {2025},
  TITLE = {Integrative Mental Health University},
  VERBA = {imhu.org},
}

@MISC{nytimesRetraction,
  AUTHOR = {Jacobs, Andrew},
  URL = {https://www.nytimes.com/2024/08/12/health/mdma-ptsd-retractions.html},
  DATE = {2024},
  TITLE = {Three Studies of {MDMA} Treatment Retracted by Scientific Journal},
  VERBA = {nytimes.com/2024/08/12/health/mdma-ptsd-retractions.html},
}

@MISC{hopkinsPersonalized,
  AUTHOR = {{John Hopkins Medicine}},
  URL = {https://www.hopkinsmedicine.org/personalized-care/personalized-psychiatry},
  DATE = {2024},
  TITLE = {Personalized Psychiatry},
  VERBA = {hopkinsmedicine.org/personalized-care/personalized-psychiatry},
}

@ARTICLE{jonas2017microprocessor,
  AUTHOR = {Jonas, Eric and Kording, Konrad Paul},
  PUBLISHER = {Public Library of Science},
  DATE = {2017},
  DOI = {10.1371/journal.pcbi.1005268},
  JOURNALTITLE = {PLoS computational biology},
  NUMBER = {1},
  PAGES = {e1005268},
  TITLE = {Could a neuroscientist understand a microprocessor?},
  VOLUME = {13},
}

@MISC{healthyGamerMethodology,
  AUTHOR = {Joseph, Jacob},
  URL = {https://www.healthygamer.gg/blog/hg-high-level-research-methodology},
  DATE = {2022},
  TITLE = {{HG} High-Level Research Methodology},
  VERBA = {healthygamer.gg/blog/hg-high-level-research-methodology},
}

@MISC{healthyGamerCoaching,
  AUTHOR = {Joseph, Jacob},
  URL = {https://www.healthygamer.gg/blog/the-role-of-coaching-in-mental-health},
  DATE = {2022},
  TITLE = {The Role of Coaching in Mental Health},
  VERBA = {healthygamer.gg/blog/the-role-of-coaching-in-mental-health},
}

@MISC{cultistQuiz,
  AUTHOR = {Jules, Evans},
  URL = {https://www.ecstaticintegration.org/p/are-you-a-psychedelic-cultist},
  DATE = {2025},
  TITLE = {Are you a Psychedelic Cultist?},
  VERBA = {ecstaticintegration.org/p/are-you-a-psychedelic-cultist},
}

@MISC{lkMeditation,
  AUTHOR = {Kabat-Zinn, Jon},
  URL = {https://www.mindful.org/this-loving-kindness-meditation-is-a-radical-act-of-love},
  DATE = {2023},
  TITLE = {This Loving-Kindness Meditation is a Radical Act of Love},
  VERBA = {mindful.org/this-loving-kindness-meditation-is-a-radical-act-of-love},
}

@MISC{kacandaNoChoice,
  AUTHOR = {Kacanda, Becca},
  URL = {https://bsky.app/profile/beccakacanda.bsky.social/post/3lp5tdpoeoc27},
  DATE = {2025},
  VERBA = {bsky.app/profile/beccakacanda.bsky.social/post/3lp5tdpoeoc27},
}

@ARTICLE{kangaslampiAdolescent,
  AUTHOR = {Kangaslampi, Samuli and Zijlmans, Josjan},
  PUBLISHER = {Springer},
  DATE = {2023},
  DOI = {10.1007/s00787-023-02310-9},
  JOURNALTITLE = {European child \& adolescent psychiatry},
  PAGES = {3753--3764},
  TITLE = {{MDMA}-assisted psychotherapy for {PTSD} in adolescents: Rationale, potential, risks, and considerations},
  VOLUME = {33},
}

@ARTICLE{karimov2024childhood,
  AUTHOR = {Karimov-Zwienenberg, Maria and Symphor, Wilfried and Peraud, William and Décamps, Greg},
  DATE = {2024},
  DOI = {10.1371/journal.pone.0309332},
  JOURNALTITLE = {PloS one},
  NUMBER = {8},
  PAGES = {e0309332},
  TITLE = {Childhood trauma, {PTSD/CPTSD} and chronic pain: A systematic review},
  VOLUME = {19},
}

@MISC{therapistsUncensored,
  AUTHOR = {Kelley, Ann and Marriott, Sue},
  URL = {https://therapistuncensored.com},
  DATE = {2024},
  TITLE = {Therapists Uncensored},
  VERBA = {therapistuncensored.com},
}

@BOOK{kennedy2022good,
  AUTHOR = {Kennedy, Becky},
  PUBLISHER = {HarperCollins},
  DATE = {2022},
  TITLE = {Good inside: A guide to becoming the parent you want to be},
}

@ARTICLE{kim2022tech,
  AUTHOR = {Kim, Laurie},
  PUBLISHER = {HeinOnline},
  URL = {https://scholarlycommons.law.emory.edu/eilr/vol36/iss1/6/},
  DATE = {2022},
  JOURNALTITLE = {Emory International Law Review},
  PAGES = {165},
  TITLE = {Tech Accountability in Face of Genocide: {Gambia} v. {Facebook}},
  VERBA = {scholarlycommons.law.emory.edu/eilr/vol36/iss1/6/},
  VOLUME = {36},
}

@MISC{zombieSocialScience,
  AUTHOR = {Klaas, Brian},
  URL = {https://www.forkingpaths.co/p/the-crisis-of-zombie-social-science},
  DATE = {2025},
  TITLE = {The Crisis of Zombie Social Science},
  VERBA = {forkingpaths.co/p/the-crisis-of-zombie-social-science},
}

@BOOK{klein2020Polarized,
  AUTHOR = {Klein, Ezra},
  PUBLISHER = {Simon and Schuster},
  URL = {https://www.simonandschuster.com/books/Why-Were-Polarized/Ezra-Klein/9781476700366},
  DATE = {2020},
  TITLE = {Why we're polarized},
  VERBA = {simonandschuster.com/books/Why-Were-Polarized/Ezra-Klein/9781476700366},
}

@MISC{eksIncel,
  AUTHOR = {Klein, Ezra},
  URL = {https://podcasts.apple.com/us/podcast/a-top-mental-health-expert-on-where-america-went-wrong/id1548604447},
  DATE = {2021},
  TITLE = {A Top Mental Health Expert on Where America Went Wrong},
  VERBA = {podcasts.apple.com/us/podcast/a-top-mental-health-expert-on-where-america-went-wrong/id1548604447},
}

@BOOK{kornfield1993path,
  AUTHOR = {Kornfield, Jack},
  PUBLISHER = {Bantam},
  URL = {https://www.penguinrandomhouse.com/books/95159/a-path-with-heart-by-jack-kornfield},
  DATE = {1993},
  TITLE = {A path with heart: A guide through the perils and promises of spiritual life},
  VERBA = {penguinrandomhouse.com/books/95159/a-path-with-heart-by-jack-kornfield},
}

@ARTICLE{kotov2017hierarchical,
  AUTHOR = {Kotov, Roman and Krueger, Robert F and Watson, David and Achenbach, Thomas M and Althoff, Robert R and Bagby, R Michael and Brown, Timothy A and Carpenter, William T and Caspi, Avshalom and Clark, Lee Anna and others},
  PUBLISHER = {American Psychological Association},
  DATE = {2017},
  DOI = {10.1037/abn0000258},
  JOURNALTITLE = {Journal of abnormal psychology},
  NUMBER = {4},
  PAGES = {454},
  TITLE = {The Hierarchical Taxonomy of Psychopathology {(HiTOP)}: A dimensional alternative to traditional nosologies},
  VOLUME = {126},
}

@ARTICLE{kozlowskaDefenseCascade,
  AUTHOR = {Kozlowska, Kasia and Walker, Peter and McLean, Loyola and Carrive, Pascal},
  PUBLISHER = {Wolters Kluwer Health},
  DATE = {2015},
  DOI = {10.1097/hrp.0000000000000065},
  JOURNALTITLE = {Harvard Review of Psychiatry},
  NUMBER = {4},
  PAGES = {263},
  TITLE = {Fear and the defense cascade: clinical implications and management},
  VOLUME = {23},
}

@ARTICLE{krausCirrhosis,
  AUTHOR = {Kraus, Elias and Suter, Stephanie and Proescholdt, Margit and Müller, Felix and Liechti, Matthias E. and Heim, Markus and Lang, Undine and Vogel, Marc},
  DATE = {2025},
  DOI = {10.1016/j.psycr.2025.100252},
  JOURNALTITLE = {Psychiatry Research Case Reports},
  NUMBER = {1},
  PAGES = {100252},
  TITLE = {Case report: Well-tolerated {MDMA}-assisted therapy in a 32-year old female patient with advanced alcohol-induced liver cirrhosis},
  VOLUME = {4},
}

@ARTICLE{kroenkeSomatic,
  AUTHOR = {Kroenke, Kurt},
  PUBLISHER = {Wiley Online Library},
  DATE = {2003},
  DOI = {10.1002/mpr.140},
  JOURNALTITLE = {International journal of methods in psychiatric research},
  NUMBER = {1},
  PAGES = {34--43},
  TITLE = {Patients presenting with somatic complaints: epidemiology, psychiatric co-morbidity and management},
  VOLUME = {12},
}

@MISC{kykeonTesting,
  AUTHOR = {{Kykeon Analytics}},
  URL = {https://shop.kykeonlabs.com/shop/store},
  DATE = {2025},
  TITLE = {Analysis Service},
  VERBA = {shop.kykeonlabs.com/shop/store},
}

@ARTICLE{la2022Psychosis,
  AUTHOR = {La Torre, Joseph T and Mahammadli, Mehdi and Faber, Sonya C and Greenway, Kyle T and Williams, Monnica T},
  PUBLISHER = {Springer},
  DATE = {2023},
  DOI = {10.1007/s11469-023-01149-0},
  JOURNALTITLE = {International Journal of Mental Health and Addiction},
  PAGES = {1--25},
  TITLE = {Expert Opinion on Psychedelic-Assisted Psychotherapy for People with Psychopathological Psychotic Experiences and Psychotic Disorders},
}

@ARTICLE{lambert2001effects,
  AUTHOR = {Lambert, Michael J and Whipple, Jason L and Smart, David W and Vermeersch, David A and Nielsen, Stevan Lars and Hawkins, Eric J},
  PUBLISHER = {Taylor \& Francis},
  DATE = {2001},
  DOI = {10.1080/713663852},
  JOURNALTITLE = {Psychotherapy research},
  NUMBER = {1},
  PAGES = {49--68},
  TITLE = {The effects of providing therapists with feedback on patient progress during psychotherapy: Are outcomes enhanced?},
  VOLUME = {11},
}

@ARTICLE{laneReconsolidation,
  AUTHOR = {Lane, Richard D. and Ryan, Lee and Nadel, Lynn and Greenberg, Leslie},
  PUBLISHER = {Cambridge University Press},
  URL = {http://sequentialpsychotherapy.com/assets/bbs_lane-et-al.pdf},
  DATE = {2015},
  DOI = {10.1017/s0140525x14000041},
  JOURNALTITLE = {Behavioral and Brain Sciences},
  PAGES = {e1},
  TITLE = {Memory reconsolidation, emotional arousal, and the process of change in psychotherapy: New insights from brain science},
  VERBA = {sequentialpsychotherapy.com/assets/bbs_lane-et-al.pdf},
  VOLUME = {38},
}

@ARTICLE{lanius2018review,
  AUTHOR = {Lanius, Ruth A and Boyd, Jenna E and McKinnon, Margaret C and Nicholson, Andrew A and Frewen, Paul and Vermetten, Eric and Jetly, Rakesh and Spiegel, David},
  PUBLISHER = {Springer},
  DATE = {2018},
  DOI = {10.1007/s11920-018-0983-y},
  JOURNALTITLE = {Current Psychiatry Reports},
  NUMBER = {118},
  TITLE = {A review of the neurobiological basis of trauma-related dissociation and its relation to cannabinoid-and opioid-mediated stress response: A transdiagnostic, translational approach},
  VOLUME = {20},
}

@ARTICLE{lauersenStrength,
  AUTHOR = {Lauersen, Jeppe Bo and Bertelsen, Ditte Marie and Andersen, Lars Bo},
  PUBLISHER = {British Association of Sport and Excercise Medicine},
  DATE = {2014},
  DOI = {10.1136/bjsports-2013-092538},
  ISSN = {0306-3674},
  JOURNALTITLE = {British Journal of Sports Medicine},
  NUMBER = {11},
  PAGES = {871--877},
  TITLE = {The effectiveness of exercise interventions to prevent sports injuries: a systematic review and meta-analysis of randomised controlled trials},
  VOLUME = {48},
}

@ARTICLE{laukkonen2025beautiful,
  AUTHOR = {Laukkonen, Ruben and Friston, Karl and Chandaria, Shamil},
  PUBLISHER = {Elsevier},
  DATE = {2025},
  DOI = {10.1016/j.neubiorev.2025.106296},
  JOURNALTITLE = {Neuroscience \& Biobehavioral Reviews},
  PAGES = {106296},
  TITLE = {A beautiful loop: An active inference theory of consciousness},
}

@ARTICLE{laukkonenNone,
  AUTHOR = {Laukkonen, Ruben E. and Slagter, Heleen A.},
  DATE = {2021},
  DOI = {https://doi.org/10.1016/j.neubiorev.2021.06.021},
  ISSN = {0149-7634},
  JOURNALTITLE = {Neuroscience \& Biobehavioral Reviews},
  PAGES = {199--217},
  TITLE = {From many to (n)one: Meditation and the plasticity of the predictive mind},
  VOLUME = {128},
}

@ARTICLE{lei2020contrast,
  AUTHOR = {Lei, Yatian and He, Xianyou and Zhao, Tingting and Tian, Zuye},
  PUBLISHER = {Frontiers Media SA},
  DATE = {2020},
  DOI = {10.3389/fpsyg.2020.02258},
  JOURNALTITLE = {Frontiers in Psychology},
  TITLE = {Contrast effect of facial attractiveness in groups},
  VOLUME = {11},
}

@BOOK{lembke2021dopamine,
  AUTHOR = {Lembke, Anna},
  PUBLISHER = {Penguin},
  DATE = {2021},
  TITLE = {Dopamine nation: Finding balance in the age of indulgence},
}

@ARTICLE{leuchtDecline,
  AUTHOR = {Leucht, Stefan and Hierl, Sandra and Kissling, Werner and Dold, Markus and Davis, John M.},
  DATE = {2012},
  DOI = {10.1192/bjp.bp.111.096594},
  JOURNALTITLE = {British Journal of Psychiatry},
  NUMBER = {2},
  PAGES = {97--106},
  TITLE = {Putting the efficacy of psychiatric and general medicine medication into perspective: review of meta-analyses},
  VOLUME = {200},
}

@BOOK{liebermanExercised,
  AUTHOR = {Lieberman, Daniel},
  PUBLISHER = {Vintage},
  URL = {https://scholar.harvard.edu/exercised/home},
  DATE = {2021},
  TITLE = {Exercised: Why something we never evolved to do is healthy and rewarding},
  VERBA = {scholar.harvard.edu/exercised/home},
}

@MISC{liechtiInteractions,
  AUTHOR = {Liechti, Matthia and Schmid, Yasmin},
  URL = {https://saept.ch/wp-content/uploads/2024/01/Interactions-with-Psychedelics-and-MDMA-V4-6.11.23.pdf},
  DATE = {2023},
  TITLE = {Interactions with Psychedelics and {MDMA}},
  VERBA = {saept.ch/wp-content/uploads/2024/01/Interactions-with-Psychedelics-and-MDMA-V4-6.11.23.pdf},
}

@ARTICLE{liechtiGender,
  AUTHOR = {Liechti, Matthias E and Gamma, Alex and Vollenweider, Franz X},
  PUBLISHER = {Springer},
  DATE = {2001},
  DOI = {10.1007/s002130000648},
  JOURNALTITLE = {Psychopharmacology},
  PAGES = {161--168},
  TITLE = {Gender differences in the subjective effects of {MDMA}},
  VOLUME = {154},
}

@ARTICLE{liknaitzkyProfessionalExperience,
  AUTHOR = {Liknaitzky, Paul},
  URL = {https://community.open-foundation.org/c/icpr-2024-recordings/sections/272721/lessons/1015845},
  DATE = {2024},
  JOURNALTITLE = {{ICPR} 2024},
  TITLE = {Mental health professionals' views and experiences},
  VERBA = {community.open-foundation.org/c/icpr-2024-recordings/sections/272721/lessons/1015845},
}

@ARTICLE{lindahl2017varieties,
  AUTHOR = {Lindahl, Jared R and Fisher, Nathan E and Cooper, David J and Rosen, Rochelle K and Britton, Willoughby B},
  PUBLISHER = {Public Library of Science San Francisco, CA USA},
  DATE = {2017},
  DOI = {10.1371/journal.pone.0176239},
  JOURNALTITLE = {PloS one},
  NUMBER = {5},
  PAGES = {e0176239},
  TITLE = {The varieties of contemplative experience: A mixed-methods study of meditation-related challenges in Western {Buddhists}},
  VOLUME = {12},
}

@ARTICLE{litjensHPPD,
  AUTHOR = {Litjens, Ruud and Brunt, Tibor and Alderliefste, Gerard-Jan and Westerink, Remco},
  DATE = {2014},
  DOI = {10.1016/j.euroneuro.2014.05.008},
  ISSN = {0924-977x},
  JOURNALTITLE = {European Neuropsychopharmacology},
  NUMBER = {8},
  PAGES = {1309--1323},
  TITLE = {Hallucinogen persisting perception disorder and the serotonergic system: A comprehensive review including new {MDMA}-related clinical cases},
  VOLUME = {24},
}

@ARTICLE{little2011facial,
  AUTHOR = {Little, Anthony C and Jones, Benedict C and DeBruine, Lisa M},
  PUBLISHER = {The Royal Society},
  DATE = {2011},
  DOI = {10.1098/rstb.2010.0404},
  JOURNALTITLE = {Philosophical Transactions of the Royal Society B: Biological Sciences},
  PAGES = {1638--1659},
  TITLE = {Facial attractiveness: evolutionary based research},
  VOLUME = {366},
}

@ARTICLE{CSAHealth,
  AUTHOR = {Lo Iacono, Luisa and Trentini, Cristina and Carola, Valeria},
  DATE = {2021},
  DOI = {10.3389/fnins.2021.771511},
  ISSN = {1662-453x},
  JOURNALTITLE = {Frontiers in Neuroscience},
  TITLE = {Psychobiological Consequences of Childhood Sexual Abuse: Current Knowledge and Clinical Implications},
  VOLUME = {15},
}

@MISC{lowBodyweight,
  AUTHOR = {Low, Steven},
  URL = {https://www.reddit.com/r/bodyweightfitness/wiki/kb/recommended_routine},
  DATE = {2023},
  TITLE = {r/bodyweightfitness Recommended Routine},
  VERBA = {reddit.com/r/bodyweightfitness/wiki/kb/recommended_routine},
}

@UNPUBLISHED{Lu2025noplasticity,
  AUTHOR = {Lu, Odilia D and White, Katrina and Raymond, Kendall and Liu, Christine and Klein, Alexandra S and Green, Nathaniel and Vaillancourt, Sam and Gallagher, Austin and Shindy, Lena and Li, Alyssa and Li, Ruoxian and Zou, Mila and Wallquist, Kira and Casey, Austen B and Cameron, Lindsay P and Pomrenze, Matthew B and Sohal, Vikaas and Kheirbek, Mazen A and Gomez, Andrea M and Lammel, Stephan and Heifets, Boris D and Malenka, Robert C},
  DATE = {2025},
  DOI = {10.1101/2025.04.08.647810},
  TITLE = {A multi-institutional investigation of psilocybin{’}s effects on mouse behavior},
}

@BOOK{lutkajtis2021dark,
  AUTHOR = {Lutkajtis, Anna},
  PUBLISHER = {Aeon Books},
  URL = {https://spirit.aeonbooks.co.uk/product/the-dark-side-of-dharma/94921},
  DATE = {2021},
  TITLE = {The dark side of dharma: Meditation, madness and other maladies on the contemplative path},
  VERBA = {spirit.aeonbooks.co.uk/product/the-dark-side-of-dharma/94921},
}

@ARTICLE{macdonald2015correcting,
  AUTHOR = {Macdonald, James and Mellor-Clark, John},
  PUBLISHER = {Wiley Online Library},
  DATE = {2015},
  DOI = {10.1002/cpp.1887},
  JOURNALTITLE = {Clinical Psychology \& Psychotherapy},
  NUMBER = {3},
  PAGES = {249--257},
  TITLE = {Correcting psychotherapists' blindsidedness: Formal feedback as a means of overcoming the natural limitations of therapists},
  VOLUME = {22},
}

@INBOOK{magyari2016teaching,
  AUTHOR = {Magyari, Trish},
  EDITOR = {McCown, Donald and Reibel, Diane and Micozzi, Marc S.},
  PUBLISHER = {Springer},
  URL = {10.1007/978-3-319-30100-6_18},
  BOOKTITLE = {Resources for Teaching Mindfulness: An International Handbook},
  DATE = {2016},
  DOI = {10.1007/978-3-319-30100-6_18},
  ISBN = {978-3-319-30100-6},
  PAGES = {339--358},
  TITLE = {Teaching Individuals with Traumatic Stress},
  VERBA = {10.1007/978-3-319-30100-6_18},
}

@ARTICLE{makunts2023concomitant,
  AUTHOR = {Makunts, Tigran and Dahill, Diane and Jerome, Lisa and de Boer, Alberdina and Abagyan, Ruben},
  PUBLISHER = {Frontiers Media SA},
  DATE = {2023},
  DOI = {10.3389/fpsyt.2023.1149766},
  JOURNALTITLE = {Frontiers in Psychiatry},
  TITLE = {Concomitant medications associated with ischemic, hypertensive, and arrhythmic events in {MDMA} users in {FDA} adverse event reporting system},
  VOLUME = {14},
}

@ARTICLE{makunts2022reported,
  AUTHOR = {Makunts, Tigran and Jerome, Lisa and Abagyan, Ruben and de Boer, Alberdina},
  PUBLISHER = {Frontiers Media SA},
  DATE = {2022},
  DOI = {10.3389/fpsyt.2021.824288},
  JOURNALTITLE = {Frontiers in Psychiatry},
  TITLE = {Reported cases of serotonin syndrome in {MDMA} users in {FAERS} database},
  VOLUME = {12},
}

@MISC{spiritPharmacist,
  AUTHOR = {Malcolm, Benjamin},
  URL = {https://www.spiritpharmacist.com/consultation},
  DATE = {2025},
  TITLE = {Individual Consultation},
  VERBA = {spiritpharmacist.com/consultation},
}

@ARTICLE{malcolmSerotonin,
  AUTHOR = {Malcolm, Benjamin and Thomas, Kelan},
  PUBLISHER = {Springer},
  DATE = {2022},
  DOI = {10.1007/s00213-021-05876-x},
  JOURNALTITLE = {Psychopharmacology},
  NUMBER = {6},
  PAGES = {1881--1891},
  TITLE = {Serotonin toxicity of serotonergic psychedelics},
  VOLUME = {239},
}

@ARTICLE{marseille2023group,
  AUTHOR = {Marseille, Elliot and Stauffer, Christopher S and Agrawal, Manish},
  PUBLISHER = {Frontiers},
  DATE = {2023},
  DOI = {10.3389/fpsyt.2023.1293243},
  JOURNALTITLE = {Frontiers in Psychiatry},
  TITLE = {Group psychedelic therapy: empirical estimates of cost-savings and improved access},
  VOLUME = {14},
}

@MISC{MastroianniPsychology,
  AUTHOR = {Mastroianni, Adam},
  URL = {https://www.experimental-history.com/p/im-so-sorry-for-psychologys-loss},
  DATE = {2023},
  TITLE = {I’m so sorry for psychology’s loss, whatever it is},
  VERBA = {experimental-history.com/p/im-so-sorry-for-psychologys-loss},
}

@BOOK{mate2011body,
  AUTHOR = {Maté, Gabor},
  PUBLISHER = {John Wiley \& Sons},
  DATE = {2011},
  TITLE = {When the body says no: Understanding the stress-disease connection},
}

@ARTICLE{Mattickbuprenorphine,
  AUTHOR = {Mattick, RP and Breen, C and Kimber, J and Davoli, M},
  PUBLISHER = {John Wiley \& Sons, Ltd},
  DATE = {2014},
  DOI = {10.1002/14651858.CD002207.pub4},
  ISSN = {1465-1858},
  JOURNALTITLE = {Cochrane Database of Systematic Reviews},
  NUMBER = {2},
  TITLE = {Buprenorphine maintenance versus placebo or methadone maintenance for opioid dependence},
}

@ARTICLE{mcelrath2005sex,
  AUTHOR = {McElrath, Karen},
  PUBLISHER = {Taylor \& Francis},
  DATE = {2005},
  DOI = {10.1081/JA-200066814},
  JOURNALTITLE = {Substance use \& misuse},
  NUMBER = {9-10},
  PAGES = {1461--1477},
  TITLE = {{MDMA} and sexual behavior: ecstasy users' perceptions about sexuality and sexual risk},
  VOLUME = {40},
}

@BOOK{mcgonigalStress,
  AUTHOR = {McGonigal, Kelly},
  PUBLISHER = {Avery},
  URL = {http://kellymcgonigal.com/books},
  DATE = {2015},
  TITLE = {The Upside of Stress, Why Stress Is Good for You, and How to Get Good at It},
  VERBA = {kellymcgonigal.com/books},
}

@ARTICLE{mcgovern2024integrated,
  AUTHOR = {McGovern, HT and Grimmer, HJ and Doss, MK and Hutchinson, BT and Timmermann, Christopher and Lyon, Aidan and Corlett, Philip R and Laukkonen, Ruben Eero},
  PUBLISHER = {Nature Publishing Group UK London},
  DATE = {2024},
  DOI = {10.1038/s44271-024-00120-6},
  JOURNALTITLE = {Communications Psychology},
  NUMBER = {1},
  PAGES = {69},
  TITLE = {An Integrated theory of false insights and beliefs under psychedelics},
  VOLUME = {2},
}

@ARTICLE{mcguirePsychosis,
  AUTHOR = {McGuire, Philip and Fahy, Tom},
  PUBLISHER = {BMJ Publishing Group},
  DATE = {1991},
  DOI = {10.1136/bmj.302.6778.697},
  JOURNALTITLE = {BMJ: British Medical Journal},
  NUMBER = {6778},
  PAGES = {697},
  TITLE = {Chronic paranoid psychosis after misuse of {MDMA} ("ecstasy")},
  VOLUME = {302},
}

@ARTICLE{studyingHarms,
  AUTHOR = {McNamee, Sarah and Devenot, Neşe and Buisson, Meaghan},
  DATE = {2023},
  DOI = {10.1001/jamapsychiatry.2023.0099},
  ISSN = {2168-622x},
  JOURNALTITLE = {JAMA Psychiatry},
  NUMBER = {5},
  PAGES = {411--412},
  TITLE = {{Studying Harms Is Key to Improving Psychedelic-Assisted Therapy--Participants Call for Changes to Research Landscape}},
  VOLUME = {80},
}

@BOOK{mcraneyMinds,
  AUTHOR = {McRaney, David},
  PUBLISHER = {Portfolio},
  URL = {https://www.davidmcraney.com/howmindschangehome},
  DATE = {2022},
  TITLE = {How Minds Change: The Surprising Science of Belief, Opinion, and Persuasion},
  VERBA = {davidmcraney.com/howmindschangehome},
}

@ARTICLE{patientVulnerability,
  AUTHOR = {Meikle, Sally and Carter, Olivia and Bedi, Gillinder},
  DATE = {2024},
  DOI = {10.1177/00048674231200164},
  JOURNALTITLE = {Australian \& New Zealand Journal of Psychiatry},
  NUMBER = {2},
  PAGES = {104--106},
  TITLE = {Psychedelic-assisted psychotherapy, patient vulnerability and abuses of power},
  VOLUME = {58},
}

@ARTICLE{melamed1975effect,
  AUTHOR = {Melamed, Leslie and Moss, Martin K},
  PUBLISHER = {Taylor \& Francis},
  DATE = {1975},
  DOI = {10.1080/00223980.1975.9923935},
  JOURNALTITLE = {The Journal of Psychology},
  NUMBER = {1},
  PAGES = {129--136},
  TITLE = {The effect of context on ratings of attractiveness of photographs},
  VOLUME = {90},
}

@BOOK{metzingerElephant,
  AUTHOR = {Metzinger, Thomas},
  PUBLISHER = {MIT Press},
  DATE = {2024},
  TITLE = {The Elephant and the Blind: The Experience of Pure Consciousness: Philosophy, Science, and 500+ Experiential Reports},
}

@ARTICLE{mickelson1997adult,
  AUTHOR = {Mickelson, Kristin D and Kessler, Ronald C and Shaver, Phillip R},
  PUBLISHER = {American Psychological Association},
  DATE = {1997},
  DOI = {10.1037/0022-3514.73.5.1092},
  JOURNALTITLE = {Journal of personality and social psychology},
  NUMBER = {5},
  PAGES = {1092},
  TITLE = {Adult attachment in a nationally representative sample.},
  VOLUME = {73},
}

@ARTICLE{milivcevic2020bitter,
  AUTHOR = {Miličević, Marija Petrin and Belić, Sanja and Vraneš, Milan and Tot, Aleksandar and Stevanović, Nataša Radosavljević and Rakić, Dušica and Gadžurić, Slobodan},
  PUBLISHER = {Elsevier},
  DATE = {2020},
  DOI = {10.1016/j.jct.2019.106027},
  JOURNALTITLE = {The Journal of Chemical Thermodynamics},
  PAGES = {106027},
  TITLE = {Volumetric properties, viscosity and taste behavior of {MDMA-HCl} in aqueous binary and (water+ {D-}lactose) ternary mixtures at different temperatures},
  VOLUME = {142},
}

@MISC{therapisttocoach,
  AUTHOR = {Miller, Jessica},
  URL = {https://www.propublica.org/article/utah-therapists-life-coaches-regulation},
  DATE = {2024},
  TITLE = {When Therapists Lose Their Licenses, Some Turn to the Unregulated Life Coaching Industry Instead},
  VERBA = {propublica.org/article/utah-therapists-life-coaches-regulation},
}

@MISC{miller2014secrets,
  AUTHOR = {Miller, S and Hubble, M and Duncan, B},
  URL = {https://www.scottdmiller.com/wp-content/uploads/2014/06/Supershrinks-Free-Report-1.pdf},
  DATE = {2014},
  TITLE = {The secrets of supershrinks: Pathways to clinical excellence},
  VERBA = {scottdmiller.com/wp-content/uploads/2014/06/Supershrinks-Free-Report-1.pdf},
}

@MISC{podmapping,
  AUTHOR = {Mingus, Mia},
  URL = {https://batjc.wordpress.com/resources/pods-and-pod-mapping-worksheet},
  DATE = {2016},
  TITLE = {Pods and Pod Mapping Worksheet},
  VERBA = {batjc.wordpress.com/resources/pods-and-pod-mapping-worksheet},
}

@MISC{mingusAccountability,
  AUTHOR = {Mingus, Mia},
  URL = {https://leavingevidence.wordpress.com/2019/12/18/how-to-give-a-good-apology-part-1-the-four-parts-of-accountability},
  DATE = {2019},
  TITLE = {The Four Parts of Accountability \& How To Give A Genuine Apology},
  VERBA = {leavingevidence.wordpress.com/2019/12/18/how-to-give-a-good-apology-part-1-the-four-parts-of-accountability},
}

@ARTICLE{mitchellMDMAClinicalTrial,
  AUTHOR = {Mitchell, Jennifer M. and Bogenschutz, Michael and Lilienstein, Alia and Harrison, Charlotte and Kleiman, Sarah and Parker-Guilbert, Kelly and Ot'alora G., Marcela and Garas, Wael and Paleos, Casey and Gorman, Ingmar and Nicholas, Christopher and Mithoefer, Michael and Carlin, Shannon and Poulter, Bruce and Mithoefer, Ann and Quevedo, Sylvestre and Wells, Gregory and Klaire, Sukhpreet S. and van der Kolk, Bessel and Tzarfaty, Keren and Amiaz, Revital and Worthy, Ray and Shannon, Scott and Woolley, Joshua D. and Marta, Cole and Gelfand, Yevgeniy and Hapke, Emma and Amar, Simon and Wallach, Yair and Brown, Randall and Hamilton, Scott and Wang, Julie B. and Coker, Allison and Matthews, Rebecca and de Boer, Alberdina and Yazar-Klosinski, Berra and Emerson, Amy and Doblin, Rick},
  DATE = {2021},
  DOI = {10.1038/s41591-021-01336-3},
  JOURNALTITLE = {Nature Medicine},
  NUMBER = {6},
  PAGES = {1025--1033},
  TITLE = {{MDMA}-assisted therapy for severe {PTSD}: a randomized, double-blind, placebo-controlled phase 3 study},
  VOLUME = {27},
}

@ARTICLE{mitchellMDMAClinicalTrial2,
  AUTHOR = {Mitchell, J.M. and Ot'alora, G. M. and van der Kolk, B. and others},
  DATE = {2023},
  DOI = {10.1038/s41591-023-02565-4},
  JOURNALTITLE = {Nat Med},
  TITLE = {{MDMA}-assisted therapy for moderate to severe {PTSD}: a randomized, placebo-controlled phase 3 trial},
}

@INBOOK{MithoeferMDMA,
  AUTHOR = {Mithoefer, M. and Mithoefer, A.},
  EDITOR = {Grob, C. S. and Grigsby, J.},
  PUBLISHER = {The Guilford Press},
  BOOKTITLE = {Handbook of Medical Hallucinogens},
  DATE = {2021},
  PAGES = {233--263},
  TITLE = {{MDMA}},
}

@MANUAL{mithoeferManual,
  AUTHOR = {Mithoefer, Michael},
  ORGANIZATION = {Multidisciplinary Association for Psychedelic Studies},
  URL = {https://maps.org/2014/01/27/a-manual-for-mdma-assisted-therapy-in-the-treatment-of-ptsd},
  DATE = {2017},
  TITLE = {A Manual for {MDMA}-Assisted Psychotherapy in the Treatment of Posttraumatic Stress Disorder},
  VERBA = {maps.org/2014/01/27/a-manual-for-mdma-assisted-therapy-in-the-treatment-of-ptsd},
}

@ARTICLE{mithoeferSafety,
  AUTHOR = {Mithoefer, Michael C and Wagner, Mark T and Mithoefer, Ann T and Jerome, Lisa and Doblin, Rick},
  DATE = {2011},
  DOI = {10.1177/0269881110378371},
  JOURNALTITLE = {Journal of Psychopharmacology},
  NUMBER = {4},
  PAGES = {439--452},
  TITLE = {The safety and efficacy of ±3,4-methylenedioxymethamphetamine-assisted psychotherapy in subjects with chronic, treatment-resistant posttraumatic stress disorder: the first randomized controlled pilot study},
  VOLUME = {25},
}

@ARTICLE{moon2022role,
  AUTHOR = {Moon, Eunsoo and Kim, Kyungwon and Partonen, Timo and Linnaranta, Outi},
  PUBLISHER = {Springer},
  DATE = {2022},
  DOI = {10.1007/s11920-022-01369-6},
  JOURNALTITLE = {Current psychiatry reports},
  NUMBER = {11},
  PAGES = {623--634},
  TITLE = {Role of melatonin in the management of sleep and circadian disorders in the context of psychiatric illness},
  VOLUME = {24},
}

@ARTICLE{moss1975effects,
  AUTHOR = {Moss, Martin K and Miller, Richard and Page, Richard A},
  PUBLISHER = {Jstor},
  DATE = {1975},
  DOI = {10.2307/2786365},
  JOURNALTITLE = {Sociometry},
  NUMBER = {4},
  PAGES = {525--535},
  TITLE = {The effects of racial context on the perception of physical attractiveness},
  VOLUME = {38},
}

@REPORT{mapsInvestigatorBrochure,
  AUTHOR = {{Multidisciplinary Association for Psychedelic Studies}},
  INSTITUTION = {Multidisciplinary Association for Psychedelic Studies},
  URL = {https://maps.org/wp-content/uploads/2022/03/MDMA-IB-14th-Edition-FINAL-18MAR2022.pdf},
  DATE = {2022},
  TITLE = {MDMA Investigator’s Brochure},
  TYPE = {techreport},
  VERBA = {maps.org/wp-content/uploads/2022/03/MDMA-IB-14th-Edition-FINAL-18MAR2022.pdf},
}

@REPORT{icerReport,
  AUTHOR = {Mustafa, RA and McQueen, B and Nikiti, D and Nhan, E and Zemplenyi, A and DiStefano, MJ and Kayali, Y and Richardson, M and Rind, DM},
  INSTITUTION = {Institute for Clinical and Economic Review},
  URL = {https://icer.org/assessment/ptsd-2024/#overview},
  DATE = {2024},
  TITLE = {{MDMA}-Assisted Psychotherapy for Post-Traumatic Stress Disorder: Effectiveness and Value; Final Evidence Report},
  TYPE = {techreport},
  VERBA = {icer.org/assessment/ptsd-2024/#overview},
}

@ARTICLE{nardouMDMAPlasticity,
  AUTHOR = {Nardou, Romain and Lewis, Eastman M. and Rothhaas, Rebecca and Xu, Ran and Yang, Aimei and Boyden, Edward and Dölen, Gül},
  DATE = {2019},
  DOI = {10.1038/s41586-019-1075-9},
  JOURNALTITLE = {Nature},
  NUMBER = {7754},
  PAGES = {116--120},
  TITLE = {Oxytocin-dependent reopening of a social reward learning critical period with {MDMA}},
  VOLUME = {569},
}

@MISC{nhsMelatonin,
  AUTHOR = {{National Health Service}},
  URL = {https://www.nhs.uk/medicines/melatonin/how-and-when-to-take-melatonin/},
  DATE = {2025},
  TITLE = {How and when to take melatonin},
  VERBA = {nhs.uk/medicines/melatonin/how-and-when-to-take-melatonin/},
}

@MISC{nhsPropranalol,
  AUTHOR = {{National Health Service}},
  URL = {https://www.nhs.uk/medicines/propranolol/},
  DATE = {2025},
  TITLE = {Propranaol},
  VERBA = {nhs.uk/medicines/propranolol/},
}

@MISC{powerTrip,
  AUTHOR = {Nickles, David and Ross, Lily Kay},
  URL = {https://www.thecut.com/2021/11/cover-story-podcast-goes-into-world-of-psychedelic-therapy.html},
  DATE = {2021},
  TITLE = {`I See a Sh*tshow': Inside the World of Psychedelic Therapy},
  VERBA = {thecut.com/2021/11/cover-story-podcast-goes-into-world-of-psychedelic-therapy.html},
}

@ARTICLE{norman2012long,
  AUTHOR = {Norman, Rosana E and Byambaa, Munkhtsetseg and De, Rumna and Butchart, Alexander and Scott, James and Vos, Theo},
  PUBLISHER = {Public Library of Science San Francisco, USA},
  DATE = {2012},
  DOI = {10.1371/journal.pmed.1001349},
  JOURNALTITLE = {PLoS medicine},
  NUMBER = {11},
  PAGES = {e1001349},
  TITLE = {The long-term health consequences of child physical abuse, emotional abuse, and neglect: a systematic review and meta-analysis},
  VOLUME = {9},
}

@ARTICLE{nuttDrugHarms,
  AUTHOR = {Nutt, David and King, Leslie and Phillips, Lawrence},
  URL = {https://www.researchgate.net/publication/285843262_Drug_harms_in_the_UK_A_multi-criterion_decision_analysis},
  DATE = {2010},
  DOI = {10.1016/S0140-6736(10)61462-6},
  ISSUE = {9752},
  JOURNALTITLE = {Lancet},
  PAGES = {1558--1565},
  TITLE = {Drug harms in the {UK}: A multi-criterion decision analysis},
  VERBA = {researchgate.net/publication/285843262_Drug_harms_in_the_UK_A_multi-criterion_decision_analysis},
  VOLUME = {376},
}

@ARTICLE{nutt2015dopamine,
  AUTHOR = {Nutt, David J and Lingford-Hughes, Anne and Erritzoe, David and Stokes, Paul RA},
  PUBLISHER = {Nature Publishing Group UK London},
  DATE = {2015},
  JOURNALTITLE = {Nature Reviews Neuroscience},
  NUMBER = {5},
  PAGES = {305--312},
  TITLE = {The dopamine theory of addiction: 40 years of highs and lows},
  VOLUME = {16},
}

@ARTICLE{oanes2015therapists,
  AUTHOR = {Oanes, Camilla Jensen and Anderssen, Norman and Karlsson, Bengt and Borg, Marit},
  DATE = {2015},
  DOI = {10.15714/scandpsychol.2.e17},
  JOURNALTITLE = {Scandinavian Psychologist},
  TITLE = {How do therapists respond to client feedback? A critical review of the research literature},
  VOLUME = {2},
}

@ARTICLE{ogden2006sensorimotor,
  AUTHOR = {Ogden, Pat and Pain, Clare and Fisher, Janina},
  PUBLISHER = {Elsevier},
  DATE = {2006},
  JOURNALTITLE = {Psychiatric Clinics},
  NUMBER = {1},
  PAGES = {263--279},
  TITLE = {A sensorimotor approach to the treatment of trauma and dissociation},
  VOLUME = {29},
}

@ARTICLE{olthofDestabilization,
  AUTHOR = {Olthof, Merlijn and Hasselman, Fred and Strunk, Guido and Aas, Benjamin and Schiepek, Günter and Lichtwarck-Aschoff, Anna},
  PUBLISHER = {Routledge},
  DATE = {2020},
  DOI = {10.1080/10503307.2019.1633484},
  JOURNALTITLE = {Psychotherapy Research},
  NUMBER = {4},
  PAGES = {520--531},
  TITLE = {Destabilization in self-ratings of the psychotherapeutic process is associated with better treatment outcome in patients with mood disorders},
  VOLUME = {30},
}

@ARTICLE{omathunaCYP,
  AUTHOR = {O'Mathúna, Brian and Farré, Magi and Rostami-Hodjegan, Amin and Yang, Jiansong and Cuyàs, Elisabet and Torrens, Marta and Pardo, Ricardo and Abanades, Sergio and Maluf, Silvana and Tucker, Geoffrey T and others},
  PUBLISHER = {LWW},
  DATE = {2008},
  DOI = {10.1097/JCP.0b013e318184ff6e},
  JOURNALTITLE = {Journal of clinical psychopharmacology},
  NUMBER = {5},
  PAGES = {523--529},
  TITLE = {The consequences of 3, 4-methylenedioxymethamphetamine induced {CYP2D6} inhibition in humans},
  VOLUME = {28},
}

@ARTICLE{pantic2014online,
  AUTHOR = {Pantic, Igor},
  PUBLISHER = {Mary Ann Liebert},
  DATE = {2014},
  DOI = {10.1089/cyber.2014.0070},
  JOURNALTITLE = {Cyberpsychology, Behavior, and Social Networking},
  NUMBER = {10},
  PAGES = {652--657},
  TITLE = {Online social networking and mental health},
  VOLUME = {17},
}

@MISC{grounding,
  AUTHOR = {Parincu, Zamfira},
  PUBLISHER = {Berkeley Well-Being Institute},
  URL = {https://www.berkeleywellbeing.com/grounding-techniques.html},
  DATE = {2025},
  TITLE = {Grounding Techniques: Definition \& How To Use Them},
  VERBA = {berkeleywellbeing.com/grounding-techniques.html},
}

@ARTICLE{parrottTolerance,
  AUTHOR = {Parrott, AC},
  PUBLISHER = {Sage Publications Sage CA: Thousand Oaks, CA},
  URL = {https://citeseerx.ist.psu.edu/document?repid=rep1&type=pdf&doi=e40bc214ac26b35b1ba63fccaec8f64e97d4385d},
  DATE = {2005},
  DOI = {10.1177/0269881105048900},
  JOURNALTITLE = {Journal of Psychopharmacology},
  NUMBER = {1},
  PAGES = {71--83},
  TITLE = {Chronic tolerance to recreational {MDMA} (3,4-methylenedioxymethamphetamine) or Ecstasy},
  VERBA = {citeseerx.ist.psu.edu/document?repid=rep1&type=pdf&doi=e40bc214ac26b35b1ba63fccaec8f64e97d4385d},
  VOLUME = {19},
}

@BOOK{passieHistory,
  AUTHOR = {Passie, Torsten},
  PUBLISHER = {Oxford University Press},
  URL = {https://global.oup.com/academic/product/the-history-of-mdma-9780198867364},
  DATE = {2023},
  TITLE = {The History of {MDMA}},
  VERBA = {global.oup.com/academic/product/the-history-of-mdma-9780198867364},
}

@ARTICLE{patelPsychosis,
  AUTHOR = {Patel, Ankit and Moreland, Toby and Haq, Fasiha and Siddiqui, Fatima and Mikul, Melissa and Qadir, Huma and Raza, Shakeel},
  PUBLISHER = {Physicians Postgraduate Press, Inc.},
  DATE = {2011},
  DOI = {10.4088/PCC.11l01200},
  JOURNALTITLE = {The Primary Care Companion for CNS Disorders},
  NUMBER = {6},
  PAGES = {27095},
  TITLE = {Persistent psychosis after a single ingestion of "Ecstasy"({MDMA})},
  VOLUME = {13},
}

@REPORT{pharmalaInvestigatorBrochure,
  AUTHOR = {{PharmAla Biotech}},
  URL = {https://maps.org/wp-content/uploads/2025/06/PharmAla-LaneoTM-IB_Ed4.2-_P1.1.pdf},
  DATE = {2025},
  TITLE = {MDMA Investigator’s Brochure},
  TYPE = {techreport},
  VERBA = {maps.org/wp-content/uploads/2025/06/PharmAla-LaneoTM-IB_Ed4.2-_P1.1.pdf},
}

@MISC{pinsof2024Truth,
  AUTHOR = {Pinsof, David},
  URL = {https://www.optimallyirrational.com/p/the-truth-about-self-deception},
  DATE = {2024},
  TITLE = {The Truth About Self-Deception},
  VERBA = {optimallyirrational.com/p/the-truth-about-self-deception},
}

@ARTICLE{Pittler03kava,
  AUTHOR = {Pittler, MH and Ernst, E},
  PUBLISHER = {John Wiley \& Sons, Ltd},
  DATE = {2003},
  DOI = {10.1002/14651858.cd003383},
  ISSN = {1465-1858},
  JOURNALTITLE = {Cochrane Database of Systematic Reviews},
  NUMBER = {1},
  TITLE = {Kava extract versus placebo for treating anxiety},
}

@MISC{simmering,
  AUTHOR = {Poulter, Bruce and Ot'Alora, Marcela},
  URL = {https://2023.psychedelicscience.org/sessions/the-art-of-simmering-in-mdma-assisted-therapy/},
  DATE = {2024},
  TITLE = {The Art of Simmering in {MDMA}-Assisted Therapy},
  VERBA = {2023.psychedelicscience.org/sessions/the-art-of-simmering-in-mdma-assisted-therapy/},
}

@MISC{priebeYoutube,
  AUTHOR = {Priebe, Heidi},
  URL = {https://www.youtube.com/playlist?list=PLFD8kQWqivS1fy9uwssBE-H5M668fmtFt},
  DATE = {2024},
  TITLE = {Attachment Theory},
  VERBA = {youtube.com/playlist?list=PLFD8kQWqivS1fy9uwssBE-H5M668fmtFt},
}

@ARTICLE{prochnow2021depressive,
  AUTHOR = {Prochnow, Tyler and Hartnell, Logan and Patterson, Megan S},
  PUBLISHER = {Emerald Publishing Limited},
  DATE = {2021},
  DOI = {10.1108/MHSI-02-2021-0011},
  JOURNALTITLE = {Mental Health and Social Inclusion},
  NUMBER = {3},
  PAGES = {243--253},
  TITLE = {Depressive symptoms, developing friendships, and social support through online gaming: a mixed-method analysis of online gaming network communication},
  VOLUME = {25},
}

@BOOK{pryorDog,
  AUTHOR = {Pryor, Karen},
  PUBLISHER = {Simon \& Schuster},
  URL = {https://www.simonandschuster.com/books/Dont-Shoot-the-Dog/Karen-Pryor/9781982106461},
  DATE = {2019},
  TITLE = {Don't shoot the dog: The art of teaching and training},
  VERBA = {simonandschuster.com/books/Dont-Shoot-the-Dog/Karen-Pryor/9781982106461},
}

@MISC{psyaware,
  AUTHOR = {PsyAware},
  URL = {https://www.psyaware.org/need-support},
  DATE = {2024},
  TITLE = {Need Support?},
  VERBA = {psyaware.org/need-support},
}

@MISC{alphaLegalization,
  AUTHOR = {{Psychedelic Alpha}},
  URL = {https://psychedelicalpha.com/data/psychedelic-laws},
  DATE = {2023},
  TITLE = {Psychedelic Legalization \& Decriminalization Tracker},
  VERBA = {psychedelicalpha.com/data/psychedelic-laws},
}

@MISC{lykosPatents,
  AUTHOR = {{Psychedelic Alpha}},
  URL = {https://psychedelicalpha.com/news/patent-analysis-lykos-suffers-blow-from-uspto-as-all-patent-claims-stand-finally-rejected},
  DATE = {2025},
  TITLE = {Patent Analysis: Lykos Suffers Blow from {USPTO} As All Patent Claims Stand Finally Rejected},
  VERBA = {psychedelicalpha.com/news/patent-analysis-lykos-suffers-blow-from-uspto-as-all-patent-claims-stand-finally-rejected},
}

@MISC{psychedelicPassage,
  AUTHOR = {{Psychedelic Passage}},
  URL = {https://www.psychedelicpassage.com},
  DATE = {2023},
  TITLE = {Your network of trusted psychedelic concierges and guides},
  VERBA = {psychedelicpassage.com},
}

@MISC{abuseLetter,
  AUTHOR = {Quinn, Diana and Martinez, Rebecca and Cuentas, Claudia and Hernandez-Wolfe, Pilar and Fine, Carolyn},
  URL = {https://psychedeliccommunity.medium.com/addressing-abuse-and-repair-an-open-letter-to-the-psychedelic-community-ccf677dd92b9},
  DATE = {2021},
  TITLE = {Addressing Abuse and Repair: An Open Letter to the Psychedelic Community},
  VERBA = {psychedeliccommunity.medium.com/addressing-abuse-and-repair-an-open-letter-to-the-psychedelic-community-ccf677dd92b9},
}

@MISC{razviPresentation,
  AUTHOR = {Razvi, Saj},
  URL = {https://www.youtube.com/watch?v=N20vPGFCg7M},
  DATE = {2022},
  TITLE = {Psychedelic Somatic Interactional Psychotherapy},
  VERBA = {youtube.com/watch?v=N20vPGFCg7M},
}

@MISC{razviDissociation,
  AUTHOR = {Razvi, Saj},
  URL = {https://www.psychedelicsomatic.org/post/why-mdma-psychedelic-therapy-may-not-work-for-you},
  DATE = {2024},
  TITLE = {Why {MDMA} \& Other Psychedelic Therapy May Not Work for You (Part 1)},
  VERBA = {psychedelicsomatic.org/post/why-mdma-psychedelic-therapy-may-not-work-for-you},
}

@ARTICLE{razviPSIP,
  AUTHOR = {Razvi, Saj and Elfrink, Steven},
  URL = {https://www.journalofpsychedelicpsychiatry.org/_files/ugd/e07c59_d4d1db6fc0174f27bef58a6124aba50e.pdf},
  DATE = {2020},
  JOURNALTITLE = {Journal of Psychedelic Psychiatry},
  NUMBER = {3},
  PAGES = {1--24},
  TITLE = {The {PSIP} model. An introduction to a novel method of therapy: Psychedelic Somatic Interactional Psychotherapy},
  VERBA = {journalofpsychedelicpsychiatry.org/_files/ugd/e07c59_d4d1db6fc0174f27bef58a6124aba50e.pdf},
  VOLUME = {2},
}

@ARTICLE{regan2021Connection,
  AUTHOR = {Regan, Annie and Margolis, Seth and de Wit, Harriet and Lyubomirsky, Sonja},
  PUBLISHER = {Public Library of Science San Francisco, CA USA},
  DATE = {2021},
  DOI = {10.1371/journal.pone.0258849},
  JOURNALTITLE = {PLoS One},
  NUMBER = {10},
  PAGES = {e0258849},
  TITLE = {Does$\pm$3, 4-methylenedioxymethamphetamine (ecstasy) induce subjective feelings of social connection in humans? A multilevel meta-analysis},
  VOLUME = {16},
}

@ARTICLE{reis1982physical,
  AUTHOR = {Reis, Harry T and Wheeler, Ladd and Spiegel, Nancy and Kernis, Michael H and Nezlek, John and Perri, Michael},
  PUBLISHER = {American Psychological Association},
  DATE = {1982},
  DOI = {10.1037/0022-3514.43.5.979},
  JOURNALTITLE = {Journal of Personality and Social Psychology},
  NUMBER = {5},
  PAGES = {979},
  TITLE = {Physical attractiveness in social interaction: {II.} Why does appearance affect social experience?},
  VOLUME = {43},
}

@ARTICLE{riggDeaths,
  AUTHOR = {Rigg, Khary K and Sharp, Amanda},
  PUBLISHER = {Taylor \& Francis},
  DATE = {2018},
  DOI = {10.1080/14659891.2018.1436607},
  JOURNALTITLE = {Journal of substance Use},
  NUMBER = {4},
  PAGES = {345--352},
  TITLE = {Deaths related to {MDMA} (ecstasy/molly): Prevalence, root causes, and harm reduction interventions},
  VOLUME = {23},
}

@ARTICLE{riggio1986assessment,
  AUTHOR = {Riggio, Ronald E},
  PUBLISHER = {American Psychological Association},
  DATE = {1986},
  DOI = {10.1037/0022-3514.51.3.649},
  JOURNALTITLE = {Journal of Personality and social Psychology},
  NUMBER = {3},
  PAGES = {649},
  TITLE = {Assessment of basic social skills},
  VOLUME = {51},
}

@ARTICLE{robinson2024coming,
  AUTHOR = {Robinson, Oliver C and Evans, Jules and Luke, David and McAlpine, Rosalind and Sahely, Aneta and Fisher, Amy and Sundeman, Stian and Ketzitzidou Argyri, Eirini and Murphy-Beiner, Ashleigh and Michelle, Katrina and others},
  PUBLISHER = {Frontiers Media SA},
  DATE = {2024},
  DOI = {10.3389/fpsyg.2024.1369715},
  JOURNALTITLE = {Frontiers in Psychology},
  TITLE = {Coming back together: a qualitative survey study of coping and support strategies used by people to cope with extended difficulties after the use of psychedelic drugs},
  VOLUME = {15},
}

@ARTICLE{robledoDependence,
  AUTHOR = {Robledo, Patricia and Balerio, Graciela and Berrendero, Fernando and Maldonado, Rafael},
  PUBLISHER = {Springer},
  DATE = {2004},
  DOI = {10.1007/s00210-003-0862-9},
  JOURNALTITLE = {Naunyn-Schmiedeberg's archives of pharmacology},
  PAGES = {338--349},
  TITLE = {Study of the behavioural responses related to the potential addictive properties of {MDMA} in mice},
  VOLUME = {369},
}

@MISC{rollKit,
  AUTHOR = {{Rollkit}},
  URL = {https://rollkit.net/mdma-molly-supplement-research},
  DATE = {2023},
  TITLE = {Why Use An {MDMA} Supplement Stack?},
  VERBA = {rollkit.net/mdma-molly-supplement-research},
}

@THESIS{roncaStructuralViolence,
  AUTHOR = {Ronca, Kristen E},
  INSTITUTION = {Temple University},
  URL = {https://www.proquest.com/docview/2046909618},
  DATE = {2018},
  TITLE = {The Impact of Complex Post-Traumatic Stress Disorder and Structural Violence on Children in Impoverished Urban Communities},
  TYPE = {phdthesis},
  VERBA = {proquest.com/docview/2046909618},
}

@ARTICLE{roseman2024interrupting,
  AUTHOR = {Roseman, Leor and Erritzoe, David and Nutt, David and Carhart-Harris, Robin and Timmermann, Christopher},
  PUBLISHER = {American Medical Association},
  DATE = {2024},
  DOI = {10.1001/jamanetworkopen.2024.22181},
  JOURNALTITLE = {JAMA Network Open},
  NUMBER = {7},
  PAGES = {e2422181--e2422181},
  TITLE = {Interrupting the psychedelic experience through contextual manipulation to study experience efficacy},
  VOLUME = {7},
}

@ARTICLE{activityMetaAnalysis,
  AUTHOR = {Rosenbaum, Simon and Tiedemann, Anne and Sherrington, Catherine and Curtis, Jackie and Ward, Philip B.},
  DATE = {2014},
  DOI = {10.4088/JCP.13r08765},
  JOURNALTITLE = {The Journal of Clinical Psychiatry},
  NUMBER = {9},
  PAGES = {14465},
  TITLE = {Physical Activity Interventions for People With Mental Illness: A Systematic Review and Meta-Analysis},
  VOLUME = {75},
}

@ARTICLE{roxburghDeaths,
  AUTHOR = {Roxburgh, Amanda and Sam, Bulent and Kriikku, Pirkko and Mounteney, Jane and Castanera, Antonio and Dias, Mario and Giraudon, Isabelle},
  PUBLISHER = {Wiley Online Library},
  URL = {https://onlinelibrary.wiley.com/doi/pdf/10.1111/add.15493},
  DATE = {2021},
  DOI = {10.1111/add.15493},
  JOURNALTITLE = {Addiction},
  NUMBER = {11},
  PAGES = {3094--3103},
  TITLE = {Trends in {MDMA}-related mortality across four countries},
  VERBA = {onlinelibrary.wiley.com/doi/pdf/10.1111/add.15493},
  VOLUME = {116},
}

@ARTICLE{ruffell2020pharmacological,
  AUTHOR = {Ruffell, Simon and Netzband, Nige and Bird, Catherine and Young, Allan H and Juruena, Mario F},
  PUBLISHER = {SciELO Brasil},
  DATE = {2020},
  DOI = {10.1590/1516-4446-2020-0023},
  JOURNALTITLE = {Brazilian Journal of Psychiatry},
  NUMBER = {6},
  TITLE = {The pharmacological interaction of compounds in ayahuasca: a systematic review},
  VOLUME = {42},
}

@MISC{ruggeriNatural,
  AUTHOR = {Ruggeri, Amanda},
  URL = {https://www.bbc.com/future/article/20250210-the-appeal-to-nature-fallacy-why-natural-doesnt-always-mean-better},
  DATE = {2025},
  TITLE = {Natural doesn't always mean better: How to spot if someone is trying to convince you with an 'appeal to nature'},
  VERBA = {bbc.com/future/article/20250210-the-appeal-to-nature-fallacy-why-natural-doesnt-always-mean-better},
}

@MISC{naltrexoneInfo,
  AUTHOR = {RXList},
  URL = {https://www.rxlist.com/revia-drug.htm},
  DATE = {2020},
  TITLE = {Revia},
  VERBA = {rxlist.com/revia-drug.htm},
}

@ARTICLE{saleemiAdulterants,
  AUTHOR = {Saleemi, Sarah and Pennybaker, Steven J and Wooldridge, Missi and Johnson, Matthew W},
  DATE = {2017},
  DOI = {10.1177/0269881117715596},
  JOURNALTITLE = {Journal of Psychopharmacology},
  NUMBER = {8},
  PAGES = {1056--1060},
  TITLE = {Who is 'Molly'? {MDMA} adulterants by product name and the impact of harm-reduction services at raves},
  VOLUME = {31},
}

@ARTICLE{sarason1985concomitants,
  AUTHOR = {Sarason, Barbara R and Sarason, Irwin G and Hacker, T Anthony and Basham, Robert B},
  PUBLISHER = {American Psychological Association},
  DATE = {1985},
  DOI = {10.1037/0022-3514.49.2.469},
  JOURNALTITLE = {Journal of personality and social Psychology},
  NUMBER = {2},
  PAGES = {469},
  TITLE = {Concomitants of social support: Social skills, physical attractiveness, and gender},
  VOLUME = {49},
}

@ARTICLE{sarparastDrugInteractions,
  AUTHOR = {Sarparast, Aryan and Thomas, Kelan and Malcolm, Benjamin and Stauffer, Christopher S},
  PUBLISHER = {Springer},
  DATE = {2022},
  DOI = {10.1007/s00213-022-06083-y},
  JOURNALTITLE = {Psychopharmacology},
  NUMBER = {6},
  PAGES = {1945--1976},
  TITLE = {Drug-drug interactions between psychiatric medications and {MDMA} or psilocybin: a systematic review},
  VOLUME = {239},
}

@BOOK{sayadaw2016manual,
  AUTHOR = {Sayādaw, Mahāsī},
  PUBLISHER = {Wisdom Publications},
  URL = {https://wisdomexperience.org/product/manual-insight},
  DATE = {2016},
  TITLE = {Manual of insight},
  VERBA = {wisdomexperience.org/product/manual-insight},
}

@ARTICLE{metaEthics,
  AUTHOR = {Sayre-McCord, Geoff},
  URL = {https://plato.stanford.edu/entries/metaethics/},
  DATE = {2023},
  JOURNALTITLE = {The Stanford Encyclopedia of Philosophy},
  TITLE = {Metaethics},
  VERBA = {plato.stanford.edu/entries/metaethics/},
}

@ARTICLE{sazak2013outcomes,
  AUTHOR = {Sazak Pinar, Elif and Sucuoglu, Bülbin},
  PUBLISHER = {Eric},
  DATE = {2013},
  DOI = {10.12738/estp.2013.4.1736},
  JOURNALTITLE = {Educational sciences: Theory and practice},
  NUMBER = {4},
  PAGES = {2247--2261},
  TITLE = {The outcomes of a social skills teaching program for inclusive classroom teachers},
  VOLUME = {13},
}

@UNPUBLISHED{fdaVSdutch,
  AUTHOR = {Schenberg, Eduardo},
  DATE = {2024},
  DOI = {10.31234/osf.io/rzdpm},
  TITLE = {Evidence-Based Medicine is inadequate to develop evidence-based psychedelic therapies},
}

@ARTICLE{schmid2016cyp2d6,
  AUTHOR = {Schmid, Yasmin and Vizeli, Patrick and Hysek, Cédric M and Prestin, Katharina and Zu Schwabedissen, Henriette E Meyer and Liechti, Matthias E},
  PUBLISHER = {Lww},
  DATE = {2016},
  DOI = {10.1097/fpc.0000000000000231},
  JOURNALTITLE = {Pharmacogenetics and genomics},
  NUMBER = {8},
  PAGES = {397--401},
  TITLE = {{CYP2D6} function moderates the pharmacokinetics and pharmacodynamics of 3,4-methylene-dioxymethamphetamine in a controlled study in healthy individuals},
  VOLUME = {26},
}

@ARTICLE{Scoboria07022017,
  AUTHOR = {Scoboria, Alan and Wade, Kimberley A. and Lindsay, D. Stephen and Azad, Tanjeem and Strange, Deryn and Ost, James and and, Ira E. Hyman},
  PUBLISHER = {Routledge},
  DATE = {2017},
  DOI = {10.1080/09658211.2016.1260747},
  JOURNALTITLE = {Memory},
  NUMBER = {2},
  PAGES = {146--163},
  TITLE = {A mega-analysis of memory reports from eight peer-reviewed false memory implantation studies},
  VOLUME = {25},
}

@ARTICLE{scottSleep,
  AUTHOR = {Scott, Alexander J and Webb, Thomas L and Martyn-St James, Marrissa and Rowse, Georgina and Weich, Scott},
  PUBLISHER = {Elsevier},
  DATE = {2021},
  DOI = {10.1016/j.smrv.2021.101556},
  JOURNALTITLE = {Sleep medicine reviews},
  PAGES = {101556},
  TITLE = {Improving sleep quality leads to better mental health: A meta-analysis of randomised controlled trials},
  VOLUME = {60},
}

@ARTICLE{severs2023traumatic,
  AUTHOR = {Severs, Emilia and James, Tiffeny and Letrondo, Pilar and L{ø}vland, Lise and Marchant, Natalie L and Mukadam, Naaheed},
  PUBLISHER = {Springer},
  DATE = {2023},
  DOI = {10.1186/s12877-023-04287-1},
  JOURNALTITLE = {BMC geriatrics},
  NUMBER = {1},
  PAGES = {587},
  TITLE = {Traumatic life events and risk for dementia: a systematic review and meta-analysis},
  VOLUME = {23},
}

@ARTICLE{shalaby2020peer,
  AUTHOR = {Shalaby, Reham A Hameed and Agyapong, Vincent IO},
  PUBLISHER = {JMIR Publications Inc., Toronto, Canada},
  DATE = {2020},
  DOI = {10.2196/15572},
  JOURNALTITLE = {JMIR mental health},
  NUMBER = {6},
  PAGES = {e15572},
  TITLE = {Peer support in mental health: literature review},
  VOLUME = {7},
}

@ARTICLE{shankaran2001ascorbic,
  AUTHOR = {Shankaran, Mahalakshmi and Yamamoto, Bryan K and Gudelsky, Gary A},
  PUBLISHER = {Wiley Online Library},
  DATE = {2001},
  DOI = {10.1002/1098-2396(200104)40:1%3C55::aid-syn1026%3E3.0.co;2-o},
  JOURNALTITLE = {Synapse},
  NUMBER = {1},
  PAGES = {55--64},
  TITLE = {Ascorbic acid prevents 3,4-methylenedioxymethamphetamine ({MDMA})-induced hydroxyl radical formation and the behavioral and neurochemical consequences of the depletion of brain 5-HT},
  VOLUME = {40},
}

@MISC{shineCollective,
  AUTHOR = {{SHINE Collective}},
  URL = {https://www.shinesupport.org/shine-support},
  DATE = {2024},
  TITLE = {Peer-led Survivor Support Groups},
  VERBA = {shinesupport.org/shine-support},
}

@ARTICLE{silvernale2024relationship,
  AUTHOR = {Silvernale, Casey and Garcia-Fischer, Isabelle and Staller, Kyle},
  PUBLISHER = {Springer},
  DATE = {2024},
  DOI = {10.1007/s10620-023-08201-y},
  JOURNALTITLE = {Digestive Diseases and Sciences},
  NUMBER = {3},
  PAGES = {870--875},
  TITLE = {Relationship Between Psychological Trauma and Irritable Bowel Syndrome and Functional Dyspepsia in a Joint Hypermobility Syndrome/Ehlers--Danlos Syndrome Patient Population},
  VOLUME = {69},
}

@ARTICLE{simon2020sleep,
  AUTHOR = {Simon, Katharine C and Gómez, Rebecca L and Nadel, Lynn},
  PUBLISHER = {Elsevier},
  DATE = {2020},
  DOI = {10.1016/j.cobeha.2020.04.001},
  JOURNALTITLE = {Current Opinion in Behavioral Sciences},
  PAGES = {132--137},
  TITLE = {Sleep's role in memory reconsolidation},
  VOLUME = {33},
}

@MISC{sinbackValues,
  AUTHOR = {Sinback, Libby},
  URL = {https://www.libbysinback.com/values},
  DATE = {2024},
  TITLE = {Business Values},
  VERBA = {libbysinback.com/values},
}

@MISC{sinback,
  AUTHOR = {Sinback, Libby},
  URL = {https://www.makingpolyamorywork.com/episodes/how-to-get-help},
  DATE = {2024},
  TITLE = {How to Get Help},
  VERBA = {makingpolyamorywork.com/episodes/how-to-get-help},
}

@MISC{mechanisticModels,
  AUTHOR = {{Slime Mold Time Mold}},
  URL = {https://slimemoldtimemold.com/2025/02/06/the-mind-in-the-wheel-prologue-everybody-wants-a-rock/},
  DATE = {2025},
  TITLE = {The Mind in the Wheel - Prologue: Everybody Wants a Rock},
  VERBA = {slimemoldtimemold.com/2025/02/06/the-mind-in-the-wheel-prologue-everybody-wants-a-rock/},
}

@ARTICLE{smithSystematic,
  AUTHOR = {Smith, Kimberly W and Sicignano, Dakota J and Hernandez, Adrian V and White, C Michael},
  PUBLISHER = {Wiley Online Library},
  DATE = {2022},
  DOI = {10.1002/jcph.1995},
  JOURNALTITLE = {The Journal of Clinical Pharmacology},
  NUMBER = {4},
  PAGES = {463--471},
  TITLE = {{MDMA}-assisted psychotherapy for treatment of posttraumatic stress disorder: A systematic review with meta-analysis},
  VOLUME = {62},
}

@MISC{bodyscan,
  AUTHOR = {Smookler, Elaine},
  URL = {https://www.mindful.org/beginners-body-scan-meditation},
  DATE = {2023},
  TITLE = {Beginner's Body Scan Meditation},
  VERBA = {mindful.org/beginners-body-scan-meditation},
}

@ARTICLE{sohalJournaling,
  AUTHOR = {Sohal, Monika and Singh, Pavneet and Dhillon, Bhupinder Singh and Gill, Harbir Singh},
  DATE = {2022},
  DOI = {10.1136/fmch-2021-001154},
  JOURNALTITLE = {Family medicine and community health},
  NUMBER = {1},
  PAGES = {e001154},
  TITLE = {Efficacy of journaling in the management of mental illness: a systematic review and meta-analysis},
  VOLUME = {10},
}

@MISC{lesswrongCoherenceTherapy,
  AUTHOR = {Sotala, Kaj},
  URL = {https://www.lesswrong.com/posts/i9xyZBS3qzA8nFXNQ/book-summary-unlocking-the-emotional-brain},
  DATE = {2019},
  TITLE = {Book summary: Unlocking the Emotional Brain},
  VERBA = {lesswrong.com/posts/i9xyZBS3qzA8nFXNQ/book-summary-unlocking-the-emotional-brain},
}

@MISC{sen,
  AUTHOR = {{Spiritual Emergence Network}},
  URL = {https://www.spiritualemergence.org},
  DATE = {2025},
  TITLE = {Spiritual Emergence Network},
  VERBA = {spiritualemergence.org},
}

@ARTICLE{st2018civilised,
  AUTHOR = {St John, Graham},
  PUBLISHER = {SAGE Publications Sage UK: London, England},
  DATE = {2018},
  DOI = {10.1177/1749975517733162},
  JOURNALTITLE = {Cultural Sociology},
  NUMBER = {1},
  PAGES = {3--21},
  TITLE = {Civilised tribalism: {Burning Man}, event-tribes and maker culture},
  VOLUME = {12},
}

@MISC{stanfordSleep,
  AUTHOR = {{Stanford Medicine}},
  URL = {https://stanfordhealthcare.org/medical-treatments/c/cognitive-behavioral-therapy-insomnia/procedures.html},
  DATE = {2024},
  TITLE = {Cognitive Behavioral Therapy for Insomnia},
  VERBA = {stanfordhealthcare.org/medical-treatments/c/cognitive-behavioral-therapy-insomnia/procedures.html},
}

@ARTICLE{steenenPropranalol,
  AUTHOR = {Steenen, Serge A and van Wijk, Arjen J and van der Heijden, Geert JMG and van Westrhenen, Roos and de Lange, Jan and de Jongh, Ad},
  DATE = {2016},
  DOI = {10.1177/0269881115612236},
  JOURNALTITLE = {Journal of Psychopharmacology},
  NUMBER = {2},
  PAGES = {128--139},
  TITLE = {Propranolol for the treatment of anxiety disorders: Systematic review and meta-analysis},
  VOLUME = {30},
}

@ARTICLE{straumann2024racemic,
  AUTHOR = {Straumann, Isabelle and Avedisian, Isidora and Klaiber, Aaron and Varghese, Nimmy and Eckert, Anne and Rudin, Deborah and Luethi, Dino and Liechti, Matthias E},
  PUBLISHER = {Springer},
  DATE = {2024},
  DOI = {10.1038/s41386-024-01972-6},
  JOURNALTITLE = {Neuropsychopharmacology},
  PAGES = {362--371},
  TITLE = {Acute effects of {R-MDMA}, {S-MDMA}, and racemic {MDMA} in a randomized double-blind cross-over trial in healthy participants},
  VOLUME = {50},
}

@ARTICLE{strom1999boundryViolations,
  AUTHOR = {Strom-Gottfried, Kimberly},
  PUBLISHER = {SAGE Publications Sage CA: Los Angeles, CA},
  DATE = {1999},
  DOI = {10.1606/1044-3894.1473},
  JOURNALTITLE = {Families in Society},
  NUMBER = {5},
  PAGES = {439--449},
  TITLE = {Professional boundaries: An analysis of violations by social workers},
  VOLUME = {80},
}

@ARTICLE{studerus2010psychometric,
  AUTHOR = {Studerus, Erich and Gamma, Alex and Vollenweider, Franz X},
  PUBLISHER = {Public Library of Science San Francisco, USA},
  DATE = {2010},
  DOI = {10.1371/journal.pone.0012412},
  JOURNALTITLE = {PloS one},
  NUMBER = {8},
  PAGES = {e12412},
  TITLE = {Psychometric evaluation of the altered states of consciousness rating scale {(OAV)}},
  VOLUME = {5},
}

@ARTICLE{studerusResponse,
  AUTHOR = {Studerus, Erich and Vizeli, Patrick and Harder, Samuel and Ley, Laura and Liechti, Matthias E},
  DATE = {2021},
  DOI = {10.1177/0269881121998322},
  JOURNALTITLE = {Journal of Psychopharmacology},
  NUMBER = {5},
  PAGES = {556--565},
  TITLE = {Prediction of {MDMA} response in healthy humans: a pooled analysis of placebo-controlled studies},
  VOLUME = {35},
}

@ARTICLE{psychosisTreatment,
  AUTHOR = {Sulstarova, Adi and Scheuerlein, Luise and Monari, Silvia and Seragnoli, Federico and Gabriel, Thorens and Preller, Katrin and Böge, Kerem and Sentissi, Othman and Kaiser, Stefan and Solmi, Marco and Kirschner, Matthias and Sabé, Michel},
  DATE = {2025},
  DOI = {10.1016/j.ajp.2025.104604},
  ISSN = {1876-2018},
  JOURNALTITLE = {Asian Journal of Psychiatry},
  PAGES = {104604},
  TITLE = {Treatment approaches and efficacy in Psychedelic-Induced Psychosis: A systematic review},
}

@ARTICLE{therapyReplicationCrisis,
  AUTHOR = {Tackett, Jennifer L. and Brandes, Cassandra M. and King, Kevin M. and Markon, Kristian E.},
  PUBLISHER = {Annual Reviews},
  DATE = {2019},
  DOI = {10.1146/annurev-clinpsy-050718-095710},
  JOURNALTITLE = {Annual Review of Clinical Psychology},
  NUMBER = {Volume 15, 2019},
  PAGES = {579--604},
  TITLE = {Psychology's Replication Crisis and Clinical Psychological Science},
  VOLUME = {15},
}

@ARTICLE{tagen2023valvular,
  AUTHOR = {Tagen, Michael and Mantuani, Daniel and van Heerden, Liron and Holstein, Alex and Klumpers, Linda E and Knowles, Richard},
  PUBLISHER = {Sage Publications Sage UK: London, England},
  DATE = {2023},
  DOI = {10.1177/02698811231190865},
  JOURNALTITLE = {Journal of Psychopharmacology},
  NUMBER = {9},
  PAGES = {876--890},
  TITLE = {The risk of chronic psychedelic and {MDMA} microdosing for valvular heart disease},
  VOLUME = {37},
}

@ARTICLE{tangRiskFactors,
  AUTHOR = {Tang, Bihan and Deng, Qiangyu and Glik, Deborah and Dong, Junqiang and Zhang, Lulu},
  PUBLISHER = {Mdpi},
  DATE = {2017},
  DOI = {10.3390/ijerph14121537},
  JOURNALTITLE = {International journal of environmental research and public health},
  NUMBER = {12},
  PAGES = {1537},
  TITLE = {A meta-analysis of risk factors for post-traumatic stress disorder ({PTSD}) in adults and children after earthquakes},
  VOLUME = {14},
}

@ARTICLE{thalSitter,
  AUTHOR = {Thal, Sascha and Engel, Liam B. and Bright, Stephen J.},
  DATE = {2022},
  DOI = {10.1177/00221678221081380},
  JOURNALTITLE = {Journal of Humanistic Psychology},
  TITLE = {Presence, Trust, and Empathy: Preferred Characteristics of Psychedelic Carers},
}

@MISC{attachmentProject,
  AUTHOR = {{The Attachment Project}},
  URL = {https://quiz.attachmentproject.com},
  DATE = {2023},
  TITLE = {Attachment Style Test},
  VERBA = {quiz.attachmentproject.com},
}

@MISC{earlyMalSchemas,
  AUTHOR = {{The Attachment Project}},
  URL = {https://www.attachmentproject.com/blog/early-maladaptive-schemas},
  DATE = {2024},
  TITLE = {The Ultimate Guide to Early Maladaptive Schemas [Full List]},
  VERBA = {attachmentproject.com/blog/early-maladaptive-schemas},
}

@MISC{birthPlan,
  AUTHOR = {{The Bump Editors}},
  URL = {https://www.thebump.com/a/tool-birth-plan#3},
  DATE = {2023},
  TITLE = {What Is a Birth Plan and Why Is It Important?},
  VERBA = {thebump.com/a/tool-birth-plan#3},
}

@MISC{peersupportgroup,
  AUTHOR = {{The Challenging Psychedelic Experiences Project}},
  URL = {https://challengingpsychedelicexperiences.com},
  DATE = {2024},
  TITLE = {Online peer support group},
  VERBA = {challengingpsychedelicexperiences.com},
}

@MISC{rabbitClinic,
  AUTHOR = {{The Psychedelic Experience Clinic}},
  URL = {https://www.thepsychedelicexperienceclinic.co.uk},
  DATE = {2024},
  TITLE = {Psychoanalytic psychotherapy after psychedelic experiences},
  VERBA = {thepsychedelicexperienceclinic.co.uk},
}

@MISC{psychedelicrecoveredmemory,
  AUTHOR = {{The Psychedelics and Recovered Memories Project}},
  URL = {https://psychedelicsandrecoveredmemories.com},
  DATE = {2024},
  TITLE = {The Psychedelics and Recovered Memories Project},
  VERBA = {psychedelicsandrecoveredmemories.com},
}

@REPORT{netherlandsMDMA,
  AUTHOR = {Toebes, Brigit and van den Brink, Wim and Gresnigt, Femke and de Jonge, Martha and Kolthoff, Emile and Vermetten, Eric},
  INSTITUTION = {State Commission on MDMA},
  URL = {https://www.government.nl/binaries/government/documenten/reports/2024/05/31/mdma-beyond-ecstasy/MDMA+Beyond+Ecstasy.pdf},
  DATE = {2024},
  TITLE = {{MDMA}. Beyond the Ecstasy},
  TYPE = {techreport},
  VERBA = {government.nl/binaries/government/documenten/reports/2024/05/31/mdma-beyond-ecstasy/MDMA+Beyond+Ecstasy.pdf},
}

@BOOK{treleaven2018trauma,
  AUTHOR = {Treleaven, David A},
  PUBLISHER = {WW Norton \& Company},
  DATE = {2018},
  TITLE = {Trauma-sensitive mindfulness: Practices for safe and transformative healing},
}

@ARTICLE{trickeyRiskFactors,
  AUTHOR = {Trickey, David and Siddaway, Andy P. and Meiser-Stedman, Richard and Serpell, Lucy and Field, Andy P.},
  DATE = {2012},
  DOI = {10.1016/j.cpr.2011.12.001},
  ISSN = {0272-7358},
  JOURNALTITLE = {Clinical Psychology Review},
  NUMBER = {2},
  PAGES = {122--138},
  TITLE = {A meta-analysis of risk factors for post-traumatic stress disorder in children and adolescents},
  VOLUME = {32},
}

@MISC{volumetricDilution,
  AUTHOR = {Tripsit},
  URL = {https://volume.tripsit.me},
  DATE = {2025},
  TITLE = {Volumetric Dosing Tool},
  VERBA = {volume.tripsit.me},
}

@ARTICLE{uherRatingScales,
  AUTHOR = {Uher, Jana},
  DATE = {2022},
  DOI = {10.3389/fpsyg.2022.1009893},
  JOURNALTITLE = {Frontiers in Psychology},
  TITLE = {Rating scales institutionalise a network of logical errors and conceptual problems in research practices: A rigorous analysis showing ways to tackle psychology’s crises},
  VOLUME = {Volume 13 - 2022},
}

@REPORT{worldDrugReport,
  AUTHOR = {{United Nations Office on Drugs and Crime}},
  INSTITUTION = {United Nations Office on Drugs and Crime},
  URL = {https://www.unodc.org/documents/wdr2014/World_Drug_Report_2014_web.pdf},
  DATE = {2014},
  TITLE = {World Drug Report},
  TYPE = {techreport},
  VERBA = {unodc.org/documents/wdr2014/World_Drug_Report_2014_web.pdf},
}

@MISC{michiganProgressive,
  AUTHOR = {{University of Michigan Health}},
  URL = {https://www.uofmhealth.org/health-library/uz2225},
  DATE = {2023},
  TITLE = {Stress Management: Doing Progressive Muscle Relaxation},
  VERBA = {uofmhealth.org/health-library/uz2225},
}

@ARTICLE{vaivaPsychosis,
  AUTHOR = {Vaiva, Guillaume and Boss, Virginie and Bailly, Daniel and Thomas, Pierre and others},
  PUBLISHER = {Haight Ashbury Publications},
  DATE = {2001},
  DOI = {10.1080/02791072.2001.10400473},
  JOURNALTITLE = {Journal of psychoactive drugs},
  NUMBER = {1},
  PAGES = {95},
  TITLE = {An "accidental" acute psychosis with ecstasy use},
  VOLUME = {33},
}

@ARTICLE{vanOverheatingAlcohol,
  AUTHOR = {van Amsterdam, Jan and Brunt, Tibor M and Pierce, Mimi and van den Brink, Wim},
  PUBLISHER = {Springer},
  DATE = {2021},
  DOI = {10.1007/s12640-021-00416-z},
  JOURNALTITLE = {Neurotoxicity research},
  NUMBER = {6},
  PAGES = {2120--2133},
  TITLE = {Hard boiled: alcohol use as a risk factor for {MDMA}-induced hyperthermia: a systematic review},
  VOLUME = {39},
}

@UNPUBLISHED{vanElkMethodology,
  AUTHOR = {van Elk, Michiel and Fried, Eiko I.},
  DATE = {2023},
  DOI = {10.1177/20451253231198466},
  JOURNALTITLE = {Therapeutic Advances in Psychopharmacology},
  PAGES = {20451253231198466},
  TITLE = {History repeating: guidelines to address common problems in psychedelic science},
  VOLUME = {13},
}

@ARTICLE{van2022serotonin,
  AUTHOR = {van de Blaak, Foke L and Dumont, Glenn JH},
  PUBLISHER = {Wiley Online Library},
  DATE = {2022},
  DOI = {10.1002/hup.2811},
  JOURNALTITLE = {Human Psychopharmacology: Clinical and Experimental},
  NUMBER = {1},
  PAGES = {e2811},
  TITLE = {Serotonin transporter availability, neurocognitive function and their correlation in abstinent 3, 4-methylenedioxymethamphetamine users},
  VOLUME = {37},
}

@ARTICLE{berghPsychogenic,
  AUTHOR = {{Van den Bergh}, Omer and Witthöft, Michael and Petersen, Sibylle and Brown, Richard J.},
  DATE = {2017},
  DOI = {10.1016/j.neubiorev.2017.01.015},
  ISSN = {0149-7634},
  JOURNALTITLE = {Neuroscience \& Biobehavioral Reviews},
  PAGES = {185--203},
  TITLE = {Symptoms and the body: Taking the inferential leap},
  VOLUME = {74},
}

@BOOK{vanderKolkBody,
  AUTHOR = {van der Kolk, Bessel},
  PUBLISHER = {Penguin Books},
  URL = {https://www.penguinrandomhouse.com/books/313183/the-body-keeps-the-score-by-bessel-van-der-kolk-md},
  DATE = {2015},
  TITLE = {The Body Keeps the Score},
  VERBA = {penguinrandomhouse.com/books/313183/the-body-keeps-the-score-by-bessel-van-der-kolk-md},
}

@ARTICLE{vinson1987complaintProcedures,
  AUTHOR = {Vinson, Jane S},
  PUBLISHER = {American Psychological Association},
  DATE = {1987},
  DOI = {10.1037/0735-7028.18.2.159},
  JOURNALTITLE = {Professional Psychology: Research and Practice},
  NUMBER = {2},
  PAGES = {159},
  TITLE = {Use of complaint procedures in cases of therapist-patient sexual contact},
  VOLUME = {18},
}

@ARTICLE{vizeliActuteEffects,
  AUTHOR = {Vizeli, Patrick and Liechti, Matthias E},
  DATE = {2017},
  DOI = {10.1177/0269881117691569},
  JOURNALTITLE = {Journal of Psychopharmacology},
  NUMBER = {5},
  PAGES = {576--588},
  TITLE = {Safety pharmacology of acute {MDMA} administration in healthy subjects},
  VOLUME = {31},
}

@REPORT{mentalhealthpriority,
  AUTHOR = {Walker, Caitlin and Donaldson, Clare and Plant, Michael},
  INSTITUTION = {Happier Lives Institute},
  URL = {https://www.happierlivesinstitute.org/wp-content/uploads/2022/04/Global-priority_-mental-health.pdf},
  DATE = {2021},
  TITLE = {Global priority: mental health},
  TYPE = {techreport},
  VERBA = {happierlivesinstitute.org/wp-content/uploads/2022/04/Global-priority_-mental-health.pdf},
}

@ARTICLE{wampoldCommonFactors,
  AUTHOR = {Wampold, Bruce E},
  PUBLISHER = {Wiley Online Library},
  DATE = {2015},
  DOI = {10.1002/wps.20238},
  JOURNALTITLE = {World psychiatry},
  NUMBER = {3},
  PAGES = {270--277},
  TITLE = {How important are the common factors in psychotherapy? An update},
  VOLUME = {14},
}

@ARTICLE{wegman2009meta,
  AUTHOR = {Wegman, Holly L and Stetler, Cinnamon},
  PUBLISHER = {Lww},
  DATE = {2009},
  DOI = {10.1097/psy.0b013e3181bb2b46},
  JOURNALTITLE = {Psychosomatic medicine},
  NUMBER = {8},
  PAGES = {805--812},
  TITLE = {A meta-analytic review of the effects of childhood abuse on medical outcomes in adulthood},
  VOLUME = {71},
}

@ARTICLE{hardProblem,
  AUTHOR = {Weisberg, Josh},
  URL = {https://iep.utm.edu/hard-problem-of-conciousness},
  DATE = {2024},
  JOURNALTITLE = {The Internet Encyclopedia of Philosophy},
  TITLE = {The Hard Problem of Consciousness},
  VERBA = {iep.utm.edu/hard-problem-of-conciousness},
}

@ARTICLE{williams2000victimized,
  AUTHOR = {Williams, Martin H},
  PUBLISHER = {American Psychological Association},
  DATE = {2000},
  DOI = {10.1037/0735-7028.31.1.75},
  JOURNALTITLE = {Professional Psychology: Research and Practice},
  NUMBER = {1},
  PAGES = {75},
  TITLE = {Victimized by victims: A taxonomy of antecedents of false complaints against psychotherapists},
  VOLUME = {31},
}

@ARTICLE{wolfgang2025,
  AUTHOR = {Wolfgang, Aaron S. and Fonzo, Gregory A. and Gray, Joshua C. and Krystal, John H. and Grzenda, Adrienne and Widge, Alik S. and Kraguljac, Nina V. and McDonald, William M. and Rodriguez, Carolyn I. and Nemeroff, Charles B.},
  DATE = {2025},
  DOI = {10.1176/appi.ajp.20230681},
  JOURNALTITLE = {American Journal of Psychiatry},
  NUMBER = {1},
  PAGES = {79--103},
  TITLE = {{MDMA} and {MDMA}-Assisted Therapy},
  VOLUME = {182},
}

@ARTICLE{attachmentPTSD,
  AUTHOR = {Woodhouse, Sarah and Ayers, Susan and Field, Andy P.},
  DATE = {2015},
  DOI = {10.1016/j.janxdis.2015.07.002},
  ISSN = {0887-6185},
  JOURNALTITLE = {Journal of Anxiety Disorders},
  PAGES = {103--117},
  TITLE = {The relationship between adult attachment style and post-traumatic stress symptoms: A meta-analysis},
  VOLUME = {35},
}

@REPORT{whoMentalHealth,
  AUTHOR = {{World Health Organization}},
  INSTITUTION = {World Health Organization},
  URL = {https://apps.who.int/iris/bitstream/handle/10665/254610/WHO-MSD-MER-2017.2-eng.pdf},
  DATE = {2017},
  TITLE = {Depression and Other Common Mental Disorders: Global Health Estimates},
  TYPE = {techreport},
  VERBA = {apps.who.int/iris/bitstream/handle/10665/254610/WHO-MSD-MER-2017.2-eng.pdf},
}

@ARTICLE{yaden2022preparing,
  AUTHOR = {Yaden, David B and Potash, James B and Griffiths, Roland R},
  PUBLISHER = {American Medical Association},
  DATE = {2022},
  DOI = {10.1001/jamapsychiatry.2022.2546},
  JOURNALTITLE = {JAMA psychiatry},
  NUMBER = {10},
  PAGES = {943--944},
  TITLE = {Preparing for the bursting of the psychedelic hype bubble},
  VOLUME = {79},
}

@MISC{mplongPreliminary,
  AUTHOR = {Yazar-Klosinski, Berra},
  URL = {https://www.fda.gov/media/179062/download},
  DATE = {2024},
  TITLE = {Midomafetamine-Assisted Therapy ({MDMA-AT}) for Treatment of Post-Traumatic Stress Disorder ({PTSD})},
  VERBA = {fda.gov/media/179062/download},
}

